<?xml version="1.0" encoding="UTF-8"?>
<!DOCTYPE html PUBLIC "-//W3C//DTD XHTML 1.0 Transitional//EN"
    "http://www.w3.org/TR/xhtml1/DTD/xhtml1-transitional.dtd">
<html xmlns="http://www.w3.org/1999/xhtml" xml:lang="en" lang="en">
 <head>
  <title>
</title>
<meta http-equiv="Content-Type" content="text/html;charset=utf-8" />
  <meta name='ocr-system' content='tesseract 3.04.00' />
  <meta name='ocr-capabilities' content='ocr_page ocr_carea ocr_par ocr_line ocrx_word'/>
</head>
<body>
  <div class='ocr_page' id='page_1' title='image "./simonidisceicarm00simouoft_0072.png"; bbox 0 0 1826 3080; ppageno 0'>
   <div class='ocr_carea' id='block_1_1' title="bbox 929 121 962 169">
    <p class='ocr_par' dir='ltr' id='par_1_1' title="bbox 929 121 962 169">
     <span class='ocr_line' id='line_1_1' title="bbox 929 121 962 169; baseline 0 0"><span class='ocrx_word' id='word_1_1' title='bbox 929 121 962 169; x_wconf 88' lang='grc'>8</span> 
     </span>
    </p>
   </div>
   <div class='ocr_carea' id='block_1_2' title="bbox 211 253 1677 402">
    <p class='ocr_par' dir='ltr' id='par_1_2' title="bbox 211 253 1677 402">
     <span class='ocr_line' id='line_1_2' title="bbox 212 253 1677 320; baseline 0.001 -15"><span class='ocrx_word' id='word_1_2' title='bbox 212 266 523 312; x_wconf 72' lang='lat' dir='ltr'><strong>exstruxerant,</strong></span> <span class='ocrx_word' id='word_1_3' title='bbox 557 254 613 302; x_wconf 85' lang='lat' dir='ltr'><strong>de</strong></span> <span class='ocrx_word' id='word_1_4' title='bbox 639 272 725 320; x_wconf 87' lang='lat' dir='ltr'><strong>qua</strong></span> <span class='ocrx_word' id='word_1_5' title='bbox 747 266 920 320; x_wconf 83' lang='lat' dir='ltr'><strong>praeter</strong></span> <span class='ocrx_word' id='word_1_6' title='bbox 941 253 1216 303; x_wconf 84' lang='lat' dir='ltr'><strong>Herodotum</strong></span> <span class='ocrx_word' id='word_1_7' title='bbox 1245 272 1283 302; x_wconf 80' lang='lat' dir='ltr'><strong>v.</strong></span> <span class='ocrx_word' id='word_1_8' title='bbox 1303 254 1471 304; x_wconf 68' lang='lat' dir='ltr'><strong>Platon.</strong></span> <span class='ocrx_word' id='word_1_9' title='bbox 1488 255 1677 306; x_wconf 70' lang='lat' dir='ltr'><strong>Phnab,</strong></span> 
     </span>
     <span class='ocr_line' id='line_1_3' title="bbox 211 331 1676 402; baseline 0.001 -19"><span class='ocrx_word' id='word_1_10' title='bbox 211 355 252 402; x_wconf 90' lang='lat' dir='ltr'><strong>p.</strong></span> <span class='ocrx_word' id='word_1_11' title='bbox 287 336 405 392; x_wconf 77' lang='lat'><strong>229,</strong></span> <span class='ocrx_word' id='word_1_12' title='bbox 450 334 520 391; x_wconf 86' lang='lat' dir='ltr'><strong>C.‚</strong></span> <span class='ocrx_word' id='word_1_13' title='bbox 566 333 631 382; x_wconf 88' lang='lat' dir='ltr'><strong>vel</strong></span> <span class='ocrx_word' id='word_1_14' title='bbox 676 333 732 380; x_wconf 88' lang='lat' dir='ltr'><strong>ab</strong></span> <span class='ocrx_word' id='word_1_15' title='bbox 777 331 1009 399; x_wconf 84' lang='lat' dir='ltr'><strong>Cephisso,</strong></span> <span class='ocrx_word' id='word_1_16' title='bbox 1055 351 1166 398; x_wconf 84' lang='lat' dir='ltr'><strong>quos</strong></span> <span class='ocrx_word' id='word_1_17' title='bbox 1206 334 1403 399; x_wconf 87' lang='lat' dir='ltr'><strong>sequitur</strong></span> <span class='ocrx_word' id='word_1_18' title='bbox 1435 331 1676 393; x_wconf 72' lang='lat' dir='ltr'><strong>Choerilus,</strong></span> 
     </span>
    </p>
   </div>
   <div class='ocr_carea' id='block_1_3' title="bbox 210 409 1170 479">
    <p class='ocr_par' dir='ltr' id='par_1_3' title="bbox 210 409 1170 479">
     <span class='ocr_line' id='line_1_4' title="bbox 210 409 1170 479; baseline -0.003 -16"><span class='ocrx_word' id='word_1_19' title='bbox 210 414 333 479; x_wconf 83' lang='lat' dir='ltr'><strong>cujus</strong></span> <span class='ocrx_word' id='word_1_20' title='bbox 369 432 539 461; x_wconf 87' lang='lat' dir='ltr'><strong>versum</strong></span> <span class='ocrx_word' id='word_1_21' title='bbox 575 411 834 459; x_wconf 81' lang='lat' dir='ltr'><strong>instauravit</strong></span> <span class='ocrx_word' id='word_1_22' title='bbox 866 409 1170 460; x_wconf 74' lang='lat' dir='ltr'><strong>Hermar‘inus:</strong></span> 
     </span>
    </p>
   </div>
   <div class='ocr_carea' id='block_1_4' title="bbox 358 522 1408 584">
    <p class='ocr_par' dir='ltr' id='par_1_4' title="bbox 358 522 1408 584">
     <span class='ocr_line' id='line_1_5' title="bbox 358 522 1408 584; baseline -0.002 -11"><span class='ocrx_word' id='word_1_23' title='bbox 358 523 515 573; x_wconf 73' lang='grc' dir='ltr'><strong><em>’Ἁνθέ</em></strong></span> <span class='ocrx_word' id='word_1_24' title='bbox 554 524 831 584; x_wconf 75' lang='grc' dir='ltr'><strong><em>α’μέργουσαν</em></strong></span> <span class='ocrx_word' id='word_1_25' title='bbox 867 523 1007 584; x_wconf 70' lang='grc' dir='ltr'><em>πηγάς</em></span> <span class='ocrx_word' id='word_1_26' title='bbox 1045 522 1136 572; x_wconf 79' lang='grc' dir='ltr'><strong>ὖπο</strong></span> <span class='ocrx_word' id='word_1_27' title='bbox 1172 531 1408 584; x_wconf 81' lang='grc' dir='ltr'><strong><em>Κηφισοῖο.</em></strong></span> 
     </span>
    </p>
   </div>
   <div class='ocr_carea' id='block_1_5' title="bbox 203 648 1676 955">
    <p class='ocr_par' dir='ltr' id='par_1_5' title="bbox 203 648 1676 955">
     <span class='ocr_line' id='line_1_6' title="bbox 206 648 1676 717; baseline 0 -18"><span class='ocrx_word' id='word_1_28' title='bbox 206 651 420 699; x_wconf 85' lang='lat' dir='ltr'><strong>Subtilius</strong></span> <span class='ocrx_word' id='word_1_29' title='bbox 454 669 557 697; x_wconf 88' lang='lat' dir='ltr'><strong>vero</strong></span> <span class='ocrx_word' id='word_1_30' title='bbox 591 660 718 714; x_wconf 86' lang='lat' dir='ltr'><strong>poeta</strong></span> <span class='ocrx_word' id='word_1_31' title='bbox 755 649 892 706; x_wconf 85' lang='lat' dir='ltr'><strong>Ceus,</strong></span> <span class='ocrx_word' id='word_1_32' title='bbox 924 649 998 714; x_wconf 88' lang='lat' dir='ltr'><strong>qui</strong></span> <span class='ocrx_word' id='word_1_33' title='bbox 1033 649 1289 709; x_wconf 73' lang='grc' dir='ltr'><strong><em>Ὠρείθυιαν</em></strong></span> <span class='ocrx_word' id='word_1_34' title='bbox 1324 648 1381 697; x_wconf 87' lang='lat' dir='ltr'><strong>ab</strong></span> <span class='ocrx_word' id='word_1_35' title='bbox 1413 660 1566 699; x_wconf 78' lang='lat' dir='ltr'><strong>monte</strong></span> <span class='ocrx_word' id='word_1_36' title='bbox 1593 666 1676 717; x_wconf 65' lang='lat' dir='ltr'><strong>ap·</strong></span> 
     </span>
     <span class='ocr_line' id='line_1_7' title="bbox 205 728 1676 797; baseline 0 -19"><span class='ocrx_word' id='word_1_37' title='bbox 205 731 406 797; x_wconf 84' lang='lat' dir='ltr'><strong>pellatam</strong></span> <span class='ocrx_word' id='word_1_38' title='bbox 442 728 697 776; x_wconf 87' lang='lat' dir='ltr'><strong>recordatus</strong></span> <span class='ocrx_word' id='word_1_39' title='bbox 731 728 807 785; x_wconf 85' lang='lat' dir='ltr'><strong>sit,</strong></span> <span class='ocrx_word' id='word_1_40' title='bbox 843 746 1030 793; x_wconf 89' lang='lat' dir='ltr'><strong>quorum</strong></span> <span class='ocrx_word' id='word_1_41' title='bbox 1064 729 1110 775; x_wconf 92' lang='lat' dir='ltr'><strong>in</strong></span> <span class='ocrx_word' id='word_1_42' title='bbox 1146 728 1447 777; x_wconf 83' lang='lat' dir='ltr'><strong>cacuminibus</strong></span> <span class='ocrx_word' id='word_1_43' title='bbox 1479 728 1676 778; x_wconf 75' lang='lat' dir='ltr'><strong>saeviunt</strong></span> 
     </span>
     <span class='ocr_line' id='line_1_8' title="bbox 204 805 1676 873; baseline -0.001 -16"><span class='ocrx_word' id='word_1_44' title='bbox 204 809 424 858; x_wconf 82' lang='lat' dir='ltr'><strong>turbines:</strong></span> <span class='ocrx_word' id='word_1_45' title='bbox 473 807 692 856; x_wconf 81' lang='lat' dir='ltr'><strong>subtiliter</strong></span> <span class='ocrx_word' id='word_1_46' title='bbox 723 806 833 855; x_wconf 85' lang='lat' dir='ltr'><strong>illud</strong></span> <span class='ocrx_word' id='word_1_47' title='bbox 868 826 1064 873; x_wconf 91' lang='lat' dir='ltr'><strong>quoque,</strong></span> <span class='ocrx_word' id='word_1_48' title='bbox 1110 819 1156 855; x_wconf 89' lang='lat' dir='ltr'><strong>ut</strong></span> <span class='ocrx_word' id='word_1_49' title='bbox 1189 805 1270 866; x_wconf 75' lang='grc' dir='ltr'><strong><em>τήν</em></strong></span> <span class='ocrx_word' id='word_1_50' title='bbox 1305 806 1578 866; x_wconf 64' lang='grc' dir='ltr'><strong><em>ἁρπαγεῖσαν</em></strong></span> <span class='ocrx_word' id='word_1_51' title='bbox 1617 807 1676 856; x_wconf 65' lang='lat' dir='ltr'><strong>td</strong></span> 
     </span>
     <span class='ocr_line' id='line_1_9' title="bbox 203 886 1675 955; baseline -0.001 -19"><span class='ocrx_word' id='word_1_52' title='bbox 203 907 358 955; x_wconf 87' lang='lat' dir='ltr'><strong>rupem</strong></span> <span class='ocrx_word' id='word_1_53' title='bbox 392 891 737 947; x_wconf 81' lang='grc' dir='ltr'><strong><em>Σαρπηδονίαν,</em></strong></span> <span class='ocrx_word' id='word_1_54' title='bbox 782 903 914 951; x_wconf 86' lang='lat' dir='ltr'><strong>quam</strong></span> <span class='ocrx_word' id='word_1_55' title='bbox 957 905 1046 934; x_wconf 90' lang='lat' dir='ltr'><strong>non</strong></span> <span class='ocrx_word' id='word_1_56' title='bbox 1082 886 1362 934; x_wconf 89' lang='lat' dir='ltr'><strong>incommode</strong></span> <span class='ocrx_word' id='word_1_57' title='bbox 1391 887 1675 952; x_wconf 80' lang='lat' dir='ltr'><strong>Rapaciam</strong></span> 
     </span>
    </p>
   </div>
   <div class='ocr_carea' id='block_1_6' title="bbox 202 965 1675 1112">
    <p class='ocr_par' dir='ltr' id='par_1_6' title="bbox 202 965 1675 1112">
     <span class='ocr_line' id='line_1_10' title="bbox 202 965 940 1034; baseline -0.005 -18"><span class='ocrx_word' id='word_1_58' title='bbox 202 966 522 1034; x_wconf 83' lang='lat' dir='ltr'><strong>interpreteris,</strong></span> <span class='ocrx_word' id='word_1_59' title='bbox 556 965 747 1014; x_wconf 89' lang='lat' dir='ltr'><strong>ablatam</strong></span> <span class='ocrx_word' id='word_1_60' title='bbox 783 977 940 1013; x_wconf 87' lang='lat' dir='ltr'><strong>narret.</strong></span> 
     </span>
     <span class='ocr_line' id='line_1_11' title="bbox 336 1043 1675 1112; baseline -0.001 -18"><span class='ocrx_word' id='word_1_61' title='bbox 336 1047 537 1112; x_wconf 91' lang='lat' dir='ltr'><strong>Denique</strong></span> <span class='ocrx_word' id='word_1_62' title='bbox 573 1044 631 1093; x_wconf 87' lang='lat' dir='ltr'><strong>ad</strong></span> <span class='ocrx_word' id='word_1_63' title='bbox 666 1044 749 1092; x_wconf 91' lang='lat' dir='ltr'><strong>hoc</strong></span> <span class='ocrx_word' id='word_1_64' title='bbox 783 1062 959 1092; x_wconf 87' lang='lat' dir='ltr'><strong>carmen</strong></span> <span class='ocrx_word' id='word_1_65' title='bbox 990 1043 1206 1108; x_wconf 71' lang='lat' dir='ltr'><strong>pertinere</strong></span> <span class='ocrx_word' id='word_1_66' title='bbox 1243 1043 1519 1109; x_wconf 82' lang='lat' dir='ltr'><strong>suspicamur</strong></span> <span class='ocrx_word' id='word_1_67' title='bbox 1552 1043 1675 1110; x_wconf 81' lang='lat' dir='ltr'><strong>quud</strong></span> 
     </span>
    </p>
   </div>
   <div class='ocr_carea' id='block_1_7' title="bbox 199 1121 1672 1425">
    <p class='ocr_par' dir='ltr' id='par_1_7' title="bbox 199 1121 1672 1425">
     <span class='ocr_line' id='line_1_12' title="bbox 202 1121 1670 1192; baseline -0.005 -17"><span class='ocrx_word' id='word_1_68' title='bbox 202 1138 265 1175; x_wconf 86' lang='lat' dir='ltr'><strong>est</strong></span> <span class='ocrx_word' id='word_1_69' title='bbox 298 1126 419 1192; x_wconf 89' lang='lat' dir='ltr'><strong>apud</strong></span> <span class='ocrx_word' id='word_1_70' title='bbox 453 1124 615 1173; x_wconf 89' lang='lat' dir='ltr'><strong>Scholl.</strong></span> <span class='ocrx_word' id='word_1_71' title='bbox 650 1124 786 1171; x_wconf 84' lang='lat' dir='ltr'><strong>Paris.</strong></span> <span class='ocrx_word' id='word_1_72' title='bbox 822 1122 964 1188; x_wconf 90' lang='lat' dir='ltr'><strong>Apoll.</strong></span> <span class='ocrx_word' id='word_1_73' title='bbox 1001 1122 1146 1170; x_wconf 85' lang='lat' dir='ltr'><strong>Rhod.</strong></span> <span class='ocrx_word' id='word_1_74' title='bbox 1183 1122 1231 1179; x_wconf 91' lang='lat' dir='ltr'><strong>I,</strong></span> <span class='ocrx_word' id='word_1_75' title='bbox 1276 1123 1387 1171; x_wconf 82' lang='lat'><strong>583.</strong></span> <span class='ocrx_word' id='word_1_76' title='bbox 1454 1126 1610 1182; x_wconf 75' lang='grc' dir='ltr'><strong><em>Νῆσος</em></strong></span> <span class='ocrx_word' id='word_1_77' title='bbox 1640 1121 1670 1182; x_wconf 79' lang='grc' dir='ltr'><em>ἦ</em></span> 
     </span>
     <span class='ocr_line' id='line_1_13' title="bbox 199 1197 1672 1265; baseline -0.003 -13"><span class='ocrx_word' id='word_1_78' title='bbox 199 1210 403 1259; x_wconf 80' lang='grc' dir='ltr'><strong><em>Σκίαθος</em></strong></span> <span class='ocrx_word' id='word_1_79' title='bbox 445 1208 523 1263; x_wconf 81' lang='grc' dir='ltr'><strong>τῆς</strong></span> <span class='ocrx_word' id='word_1_80' title='bbox 570 1206 810 1256; x_wconf 82' lang='grc' dir='ltr'><em>Θεσσαλίας</em></span> <span class='ocrx_word' id='word_1_81' title='bbox 850 1199 978 1261; x_wconf 70' lang='grc' dir='ltr'><em>ἐγγύς</em></span> <span class='ocrx_word' id='word_1_82' title='bbox 1020 1201 1239 1265; x_wconf 77' lang='grc' dir='ltr'><strong><em>Εὐβοίας,</em></strong></span> <span class='ocrx_word' id='word_1_83' title='bbox 1279 1197 1337 1260; x_wconf 80' lang='grc' dir='ltr'><strong>ἧς</strong></span> <span class='ocrx_word' id='word_1_84' title='bbox 1378 1203 1452 1248; x_wconf 64' lang='grc' dir='ltr'><strong>καὶ</strong></span> <span class='ocrx_word' id='word_1_85' title='bbox 1490 1209 1672 1260; x_wconf 75' lang='grc' dir='ltr'><strong><em>Σιμω-</em></strong></span> 
     </span>
     <span class='ocr_line' id='line_1_14' title="bbox 199 1279 1671 1345; baseline -0.003 -13"><span class='ocrx_word' id='word_1_86' title='bbox 199 1290 356 1343; x_wconf 80' lang='grc' dir='ltr'><strong><em>νίδης</em></strong></span> <span class='ocrx_word' id='word_1_87' title='bbox 396 1286 615 1343; x_wconf 81' lang='grc' dir='ltr'><em>μέμνηται.</em></span> <span class='ocrx_word' id='word_1_88' title='bbox 703 1281 831 1345; x_wconf 81' lang='lat' dir='ltr'><strong>Quae</strong></span> <span class='ocrx_word' id='word_1_89' title='bbox 875 1279 1042 1338; x_wconf 88' lang='lat' dir='ltr'><strong>insula,</strong></span> <span class='ocrx_word' id='word_1_90' title='bbox 1090 1294 1139 1329; x_wconf 93' lang='lat' dir='ltr'><strong>ut</strong></span> <span class='ocrx_word' id='word_1_91' title='bbox 1181 1292 1519 1329; x_wconf 78' lang='lat' dir='ltr'><strong>consentaneum</strong></span> <span class='ocrx_word' id='word_1_92' title='bbox 1566 1292 1671 1338; x_wconf 81' lang='lat' dir='ltr'><strong>erat,</strong></span> 
     </span>
     <span class='ocr_line' id='line_1_15' title="bbox 200 1359 1671 1425; baseline -0.003 -12"><span class='ocrx_word' id='word_1_93' title='bbox 200 1366 470 1413; x_wconf 87' lang='lat' dir='ltr'><strong>Graecorum</strong></span> <span class='ocrx_word' id='word_1_94' title='bbox 506 1362 692 1411; x_wconf 89' lang='lat' dir='ltr'><strong>navibus</strong></span> <span class='ocrx_word' id='word_1_95' title='bbox 725 1359 978 1417; x_wconf 84' lang='lat' dir='ltr'><strong>tenebatur,</strong></span> <span class='ocrx_word' id='word_1_96' title='bbox 1020 1377 1131 1425; x_wconf 89' lang='lat' dir='ltr'><strong>quae</strong></span> <span class='ocrx_word' id='word_1_97' title='bbox 1165 1359 1346 1408; x_wconf 86' lang='lat' dir='ltr'><strong>classem</strong></span> <span class='ocrx_word' id='word_1_98' title='bbox 1379 1359 1671 1408; x_wconf 73' lang='lat' dir='ltr'><strong>barbarorum</strong></span> 
     </span>
    </p>
   </div>
   <div class='ocr_carea' id='block_1_8' title="bbox 199 1435 1480 1510">
    <p class='ocr_par' dir='ltr' id='par_1_8' title="bbox 199 1435 1480 1510">
     <span class='ocr_line' id='line_1_16' title="bbox 199 1435 1480 1510; baseline -0.006 -18"><span class='ocrx_word' id='word_1_99' title='bbox 199 1444 527 1510; x_wconf 88' lang='lat' dir='ltr'><strong>opperirentur,</strong></span> <span class='ocrx_word' id='word_1_100' title='bbox 562 1439 773 1488; x_wconf 84' lang='lat' dir='ltr'><strong>Herodot.</strong></span> <span class='ocrx_word' id='word_1_101' title='bbox 807 1438 924 1496; x_wconf 86' lang='lat' dir='ltr'><strong>VII,</strong></span> <span class='ocrx_word' id='word_1_102' title='bbox 964 1439 1069 1486; x_wconf 89' lang='lat'><strong>179.</strong></span> <span class='ocrx_word' id='word_1_103' title='bbox 1112 1438 1220 1487; x_wconf 80' lang='lat'>182.</span> <span class='ocrx_word' id='word_1_104' title='bbox 1255 1437 1394 1495; x_wconf 87' lang='lat' dir='ltr'><strong>VIII,</strong></span> <span class='ocrx_word' id='word_1_105' title='bbox 1429 1435 1480 1486; x_wconf 73' lang='lat'><strong>7.&#39;</strong></span> 
     </span>
    </p>
   </div>
   <div class='ocr_carea' id='block_1_9' title="bbox 828 1685 985 1732">
    <p class='ocr_par' dir='ltr' id='par_1_9' title="bbox 828 1685 985 1732">
     <span class='ocr_line' id='line_1_17' title="bbox 828 1685 985 1732; baseline -0.006 0"><span class='ocrx_word' id='word_1_106' title='bbox 828 1720 832 1724; x_wconf 88' lang='lat'><em>-</em></span> <span class='ocrx_word' id='word_1_107' title='bbox 882 1685 985 1732; x_wconf 85' lang='lat'><em>111.</em></span> 
     </span>
    </p>
   </div>
   <div class='ocr_carea' id='block_1_10' title="bbox 482 1810 1383 1859">
    <p class='ocr_par' dir='ltr' id='par_1_10' title="bbox 482 1810 1383 1859">
     <span class='ocr_line' id='line_1_18' title="bbox 482 1810 1383 1859; baseline -0.004 0"><span class='ocrx_word' id='word_1_108' title='bbox 482 1810 541 1858; x_wconf 84' lang='grc' dir='ltr'><em>Ἡ</em></span> <span class='ocrx_word' id='word_1_109' title='bbox 566 1810 664 1859; x_wconf 87' lang='grc' dir='ltr'><strong>ἘΝ</strong></span> <span class='ocrx_word' id='word_1_110' title='bbox 694 1816 1022 1856; x_wconf 84' lang='grc' dir='ltr'><em>ΣΑΛΑΜΙΝΙ</em></span> <span class='ocrx_word' id='word_1_111' title='bbox 1046 1815 1383 1856; x_wconf 75' lang='lat' dir='ltr'><em>NATMAXIA.</em></span> 
     </span>
    </p>
   </div>
   <div class='ocr_carea' id='block_1_11' title="bbox 829 1967 1044 2004">
    <p class='ocr_par' dir='ltr' id='par_1_11' title="bbox 829 1967 1044 2004">
     <span class='ocr_line' id='line_1_19' title="bbox 829 1967 1044 2004; baseline 0 -2"><span class='ocrx_word' id='word_1_112' title='bbox 829 1968 909 2004; x_wconf 75' lang='lat' dir='ltr'><strong>vll.</strong></span> <span class='ocrx_word' id='word_1_113' title='bbox 949 1967 1044 2002; x_wconf 84' lang='lat' dir='ltr'>VIII.</span> 
     </span>
    </p>
   </div>
   <div class='ocr_carea' id='block_1_12' title="bbox 197 2066 1667 2448">
    <p class='ocr_par' dir='ltr' id='par_1_12' title="bbox 197 2066 1667 2448">
     <span class='ocr_line' id='line_1_20' title="bbox 331 2066 1667 2131; baseline -0.004 -13"><span class='ocrx_word' id='word_1_114' title='bbox 331 2071 406 2118; x_wconf 86' lang='lat' dir='ltr'><strong>Ad</strong></span> <span class='ocrx_word' id='word_1_115' title='bbox 424 2070 507 2118; x_wconf 88' lang='lat' dir='ltr'><strong>hoc</strong></span> <span class='ocrx_word' id='word_1_116' title='bbox 535 2087 710 2118; x_wconf 88' lang='lat' dir='ltr'><strong>carmen</strong></span> <span class='ocrx_word' id='word_1_117' title='bbox 740 2068 860 2116; x_wconf 90' lang='lat' dir='ltr'><strong>haud</strong></span> <span class='ocrx_word' id='word_1_118' title='bbox 886 2079 1140 2116; x_wconf 80' lang='lat' dir='ltr'><strong>cunctanter</strong></span> <span class='ocrx_word' id='word_1_119' title='bbox 1161 2066 1403 2114; x_wconf 82' lang='lat' dir='ltr'><strong>rettulimus</strong></span> <span class='ocrx_word' id='word_1_120' title='bbox 1428 2083 1541 2131; x_wconf 85' lang='lat' dir='ltr'><strong>quae</strong></span> <span class='ocrx_word' id='word_1_121' title='bbox 1564 2077 1667 2114; x_wconf 79' lang='lat' dir='ltr'><strong>sunt</strong></span> 
     </span>
     <span class='ocr_line' id='line_1_21' title="bbox 198 2142 1665 2217; baseline -0.005 -18"><span class='ocrx_word' id='word_1_122' title='bbox 198 2151 317 2217; x_wconf 82' lang='lat' dir='ltr'><strong>apud</strong></span> <span class='ocrx_word' id='word_1_123' title='bbox 364 2149 648 2197; x_wconf 87' lang='lat' dir='ltr'><strong>Plutarchum</strong></span> <span class='ocrx_word' id='word_1_124' title='bbox 693 2147 747 2195; x_wconf 88' lang='lat' dir='ltr'><strong>de</strong></span> <span class='ocrx_word' id='word_1_125' title='bbox 794 2147 913 2195; x_wconf 87' lang='lat' dir='ltr'><strong>Exsil</strong></span> <span class='ocrx_word' id='word_1_126' title='bbox 966 2146 1035 2204; x_wconf 93' lang='lat' dir='ltr'><strong>II,</strong></span> <span class='ocrx_word' id='word_1_127' title='bbox 1076 2165 1118 2211; x_wconf 87' lang='lat' dir='ltr'><strong>p.</strong></span> <span class='ocrx_word' id='word_1_128' title='bbox 1168 2147 1287 2203; x_wconf 84' lang='lat'><strong>602,</strong></span> <span class='ocrx_word' id='word_1_129' title='bbox 1333 2146 1379 2193; x_wconf 91' lang='lat' dir='ltr'><strong>C.</strong></span> <span class='ocrx_word' id='word_1_130' title='bbox 1447 2143 1540 2193; x_wconf 73' lang='lat' dir='ltr'><strong>&#39;&#39;Av</strong></span> <span class='ocrx_word' id='word_1_131' title='bbox 1580 2142 1665 2205; x_wconf 72' lang='grc' dir='ltr'><strong>γᾶρ</strong></span> 
     </span>
     <span class='ocr_line' id='line_1_22' title="bbox 197 2223 1667 2287; baseline -0.004 -11"><span class='ocrx_word' id='word_1_132' title='bbox 197 2227 369 2276; x_wconf 84' lang='grc' dir='ltr'><strong><em>τούτων</em></strong></span> <span class='ocrx_word' id='word_1_133' title='bbox 411 2248 475 2282; x_wconf 84' lang='grc' dir='ltr'><strong>τις</strong></span> <span class='ocrx_word' id='word_1_134' title='bbox 519 2227 772 2287; x_wconf 80' lang='grc' dir='ltr'><strong><em>μνημονεύῃ</em></strong></span> <span class='ocrx_word' id='word_1_135' title='bbox 825 2228 992 2286; x_wconf 78' lang='grc' dir='ltr'><strong><em>φρένας</em></strong></span> <span class='ocrx_word' id='word_1_136' title='bbox 1039 2227 1153 2284; x_wconf 83' lang='grc' dir='ltr'><strong><em>ἔχων</em></strong></span> <span class='ocrx_word' id='word_1_137' title='bbox 1197 2227 1270 2271; x_wconf 81' lang='grc' dir='ltr'><strong><em>καὶ</em></strong></span> <span class='ocrx_word' id='word_1_138' title='bbox 1311 2223 1369 2284; x_wconf 69' lang='grc' dir='ltr'><strong>μή</strong></span> <span class='ocrx_word' id='word_1_139' title='bbox 1416 2223 1667 2271; x_wconf 66' lang='grc' dir='ltr'><strong><em>παντάπασι</em></strong></span> 
     </span>
     <span class='ocr_line' id='line_1_23' title="bbox 197 2302 1666 2368; baseline -0.005 -12"><span class='ocrx_word' id='word_1_140' title='bbox 197 2309 516 2368; x_wconf 80' lang='grc' dir='ltr'><strong><em>τετυφωμένος,</em></strong></span> <span class='ocrx_word' id='word_1_141' title='bbox 553 2306 773 2365; x_wconf 76' lang='grc' dir='ltr'><strong><em>αἱρήσεται</em></strong></span> <span class='ocrx_word' id='word_1_142' title='bbox 806 2308 879 2352; x_wconf 83' lang='grc' dir='ltr'><strong><em>καὶ</em></strong></span> <span class='ocrx_word' id='word_1_143' title='bbox 910 2308 1051 2364; x_wconf 80' lang='grc' dir='ltr'><strong><em>νῆσον</em></strong></span> <span class='ocrx_word' id='word_1_144' title='bbox 1087 2308 1223 2351; x_wconf 77' lang='grc' dir='ltr'><strong><em>οἰκεῖν</em></strong></span> <span class='ocrx_word' id='word_1_145' title='bbox 1258 2302 1403 2363; x_wconf 74' lang='grc' dir='ltr'><strong><em>φυγοὶς</em></strong></span> <span class='ocrx_word' id='word_1_146' title='bbox 1429 2302 1666 2364; x_wconf 70' lang='grc' dir='ltr'><strong><em>γενόμενος</em></strong></span> 
     </span>
     <span class='ocr_line' id='line_1_24' title="bbox 199 2383 675 2448; baseline -0.013 -12"><span class='ocrx_word' id='word_1_147' title='bbox 199 2388 378 2448; x_wconf 78' lang='grc' dir='ltr'><strong><em>Γύαρον</em></strong></span> <span class='ocrx_word' id='word_1_148' title='bbox 409 2383 437 2445; x_wconf 83' lang='grc' dir='ltr'>ἢ</span> <span class='ocrx_word' id='word_1_149' title='bbox 475 2391 675 2444; x_wconf 83' lang='grc' dir='ltr'><strong><em>Κίναρον</em></strong></span> 
     </span>
    </p>
   </div>
   <div class='ocr_carea' id='block_1_13' title="bbox 398 2493 1457 2558">
    <p class='ocr_par' dir='ltr' id='par_1_13' title="bbox 398 2493 1457 2558">
     <span class='ocr_line' id='line_1_25' title="bbox 398 2493 1457 2558; baseline -0.006 -13"><span class='ocrx_word' id='word_1_150' title='bbox 398 2497 615 2558; x_wconf 77' lang='grc' dir='ltr'><strong><em>σκληροῖν,</em></strong></span> <span class='ocrx_word' id='word_1_151' title='bbox 651 2495 854 2557; x_wconf 71' lang='grc' dir='ltr'><strong><em>ἄκαρπον</em></strong></span> <span class='ocrx_word' id='word_1_152' title='bbox 887 2498 960 2543; x_wconf 82' lang='grc' dir='ltr'><strong><em>καὶ</em></strong></span> <span class='ocrx_word' id='word_1_153' title='bbox 994 2493 1263 2554; x_wconf 73' lang='grc' dir='ltr'><strong><em>φυτεύεσθαι</em></strong></span> <span class='ocrx_word' id='word_1_154' title='bbox 1296 2493 1457 2553; x_wconf 81' lang='grc' dir='ltr'><strong><em>κακήν·</em></strong></span> 
     </span>
    </p>
   </div>
   <div class='ocr_carea' id='block_1_14' title="bbox 196 2614 1664 2764">
    <p class='ocr_par' dir='ltr' id='par_1_14' title="bbox 196 2614 1664 2764">
     <span class='ocr_line' id='line_1_26' title="bbox 198 2614 1664 2683; baseline -0.008 -10"><span class='ocrx_word' id='word_1_155' title='bbox 198 2626 282 2673; x_wconf 79' lang='grc' dir='ltr'><strong>οὐκ</strong></span> <span class='ocrx_word' id='word_1_156' title='bbox 315 2625 504 2683; x_wconf 77' lang='grc' dir='ltr'><strong><em>ἄθύμῶν</em></strong></span> <span class='ocrx_word' id='word_1_157' title='bbox 539 2621 645 2669; x_wconf 73' lang='grc' dir='ltr'><strong><em>οὐδὲ</em></strong></span> <span class='ocrx_word' id='word_1_158' title='bbox 677 2619 949 2681; x_wconf 75' lang='grc' dir='ltr'><strong><em>ὀδυρόμενος</em></strong></span> <span class='ocrx_word' id='word_1_159' title='bbox 983 2619 1090 2666; x_wconf 76' lang='grc' dir='ltr'><strong><em>οὐδὲ</em></strong></span> <span class='ocrx_word' id='word_1_160' title='bbox 1118 2620 1258 2677; x_wconf 76' lang='grc' dir='ltr'><strong><em>λέγων</em></strong></span> <span class='ocrx_word' id='word_1_161' title='bbox 1291 2615 1352 2664; x_wconf 75' lang='grc' dir='ltr'><strong>τοὶ</strong></span> <span class='ocrx_word' id='word_1_162' title='bbox 1384 2620 1490 2664; x_wconf 76' lang='grc' dir='ltr'><strong><em>τῶν</em></strong></span> <span class='ocrx_word' id='word_1_163' title='bbox 1521 2614 1664 2677; x_wconf 66' lang='grc' dir='ltr'><strong><em>παραὶ</em></strong></span> 
     </span>
     <span class='ocr_line' id='line_1_27' title="bbox 196 2703 815 2764; baseline -0.011 -11"><span class='ocrx_word' id='word_1_164' title='bbox 196 2708 482 2764; x_wconf 77' lang='grc' dir='ltr'><strong><em>Σιμωνίδῃ</em></strong></span> <span class='ocrx_word' id='word_1_165' title='bbox 517 2703 815 2761; x_wconf 79' lang='grc' dir='ltr'><strong><em>γυναικῶν·</em></strong></span> 
     </span>
    </p>
   </div>
  </div>
 </body>
</html>
