1826 3080
915 122 1014 171 154

227 279 391 310 sumus.
528 263 572 307 2.
619 263 724 306 Νἷιν
766 260 814 304 δὲ
859 257 1085 318 ἀναίματος
1117 262 1258 315 νᾶσος
1289 259 1575 320 Plutarchus,
1620 266 1710 309 νῦν

227 341 274 387 δὲ
308 338 396 399 μετ’
431 341 630 393 Αἴαντος
674 358 711 386 ν.
749 339 848 386 Dio.
885 337 1187 387 Valckenaerii
1231 339 1483 390 emendatio
1513 353 1710 408 praestat

227 420 510 468 Iacobsianae
545 419 670 466 huic:
705 422 794 464 νῦν
828 418 876 464 δὲ
908 417 1000 464 κατ’
1035 422 1230 474 Αἴαντος
1261 439 1301 468 ν.
1337 421 1435 479 ἔχει.
1525 422 1571 469 3.
1593 419 1709 470 ‘Pela

226 501 273 546 δὲ
309 503 549 554 Φοινίσσας
591 501 705 552 ναῦς
745 497 855 556 Dio,
901 497 1066 546 ἐνθάδε
1101 506 1154 545 Φ.
1191 501 1303 558 νῆας
1334 499 1622 559 Plutarchus,
1662 501 1709 550 in

226 598 312 645 qua
347 579 564 644 scriptura
601 577 850 645 asyndeton
883 597 975 627 non
1008 578 1182 628 videtur
1214 578 1312 628 loco
1345 597 1429 628 suo
1461 596 1566 630 esse.

357 658 403 706 4.
439 656 614 705 Ἑλλάδ’
649 656 926 717 ἱδρυσάμεθα
959 658 1070 717 Dio,
1116 658 1201 707 nisi
1245 659 1369 725 quod
1398 657 1578 708 Ἑλλαδὶ
1609 662 1710 721 Bov-

225 738 397 798 σάμεθα
445 749 648 786 enotatur
693 756 744 785 ex
790 737 979 786 editione
1013 740 1192 787 Veneta.
1259 738 1488 789 Iacobsius
1520 738 1711 788 Ἑλλάδα

226 818 455 879 ῥυσάμεθα
491 817 640 866 edidit.
710 817 855 865 Licuit
890 830 1146 884 utrumque:
1193 839 1231 867 v.
1277 819 1430 887 Epigr.
1465 818 1631 878 CLXI,
1663 823 1708 868 2.

225 898 432 956 CLXVI,
465 901 509 945 2.
547 909 589 946 et
624 908 776 945 contra
811 897 962 964 Epigr.
1001 898 1209 957 CLVIH,
1242 902 1288 956 2.

883 1047 1038 1085 CLVIII.

359 1137 624 1186 Plutarchus
658 1137 719 1185 ita
752 1137 916 1203 pergit:
976 1137 1039 1186 Τὸ
1082 1137 1119 1185 δ’
1155 1140 1206 1185 ἐν
1238 1138 1403 1202 Ἰσθμῷ
1437 1137 1710 1198 κενοτάφιον

222 1217 575 1282 (Corinthiorum
611 1216 669 1264 ad
705 1215 975 1266 Salaminem
1012 1218 1281 1282 occisorum)
1323 1215 1580 1278 ἐπιγραφήν
1620 1219 1710 1277 ἔχει

221 1296 407 1356 ταύτην·

323 1375 486 1435 Ἀκμᾶς
520 1377 756 1423 ἑστακυῖαν
790 1378 862 1422 ἐπὶ,
897 1380 1039 1438 ξυροῦ
1072 1375 1262 1424 Ἑλλάδα
1295 1379 1447 1424 πᾶσαν

426 1463 520 1510 ταῖς
553 1453 702 1502 αὐτῶν
736 1463 900 1515 ψυχαῖς
936 1461 1116 1516 κείμεθα
1153 1455 1405 1518 ῥυσάμενοι.

224 1537 453 1584 Praeterea
508 1535 640 1584 affert
685 1535 931 1584 Scholiasta
981 1536 1028 1584 in
1073 1535 1256 1585 Aristid.
1301 1535 1488 1585 Panath.
1511 1591 1518 1598 ,
1542 1554 1586 1603 p.
1632 1538 1710 1589 52.

222 1614 454 1664 Frommel.
513 1614 734 1663 Simonidi
778 1615 932 1663 tribuit
973 1615 1110 1664 Anth.
1159 1614 1253 1664 Pal.
1296 1616 1405 1675 VH,
1438 1617 1551 1664 250.
1616 1620 1713 1662 Σι·

221 1698 491 1753 μωυίδου·
541 1697 604 1748 εἰς
643 1691 751 1748 τούς
793 1692 984 1751 αὐτούς,
1032 1695 1074 1743 h.
1110 1713 1144 1743 e.
1194 1695 1271 1761 qui
1313 1695 1362 1743 in
1395 1692 1711 1763 Thermopylis

222 1773 546 1822 occubuerunt:
583 1793 796 1839 perverse.

356 1856 498 1902 Versu
526 1854 565 1900 1.
601 1852 740 1913 Ημᾶς
767 1856 907 1901 ἕστακ.
938 1866 1131 1903 vetustae
1159 1853 1260 1902 edd.
1279 1852 1534 1903 Plutarchi.
1570 1850 1714 1912 ἀκμῆς

223 1938 457 1993 ἑστηκυῖαν
498 1933 715 1982 Aristides
757 1937 858 1995 περὶ
892 1936 1176 1995 παραφθὲγμ.
1214 1933 1311 1994 ΙΙΙ,
1354 1953 1397 2002 p
1434 1933 1546 1984 647.
1591 1931 1709 1981 Can·

225 2029 321 2072 ter„
358 2014 434 2080 qui
471 2013 573 2062 huic
608 2013 796 2062 disticho
831 2013 1065 2080 subjungit
1099 2013 1228 2063 haec:

291 2092 608 2152 Δουλοσύνης·
642 2096 837 2153 Πέρσαις
870 2095 918 2140 δὲ
952 2097 1073 2154 περὶ
1089 2096 1221 2155 φρεσὶ
1253 2091 1430 2152 πήματα
1463 2091 1610 2140 πάντα

392 2169 588 2232 ἥψαμεν,
627 2172 844 2234 ἀργαλέης
875 2173 1076 2234 μνήματα
1111 2177 1379 2234 ναυμαχίης·

293 2252 423 2299 ὀστέα
458 2252 494 2299 δ’
531 2251 665 2313 ἄμμιν
701 2256 790 2313 ἔχει
822 2257 1045 2312 Σαλαμίς·
1081 2256 1238 2315 πατρὶς
1270 2253 1319 2300 δὲ
1353 2251 1586 2313 Κόρινθος

393 2332 485 2379 ἄντ’
521 2332 772 2394 εὐεργεσίης
806 2331 937 2394 μνῆμ’
972 2335 1163 2392 ἐπέθηκε
1197 2331 1311 2379 τόδε.

226 2414 352 2477 Quae
387 2414 466 2462 viri
504 2412 621 2461 docti
657 2433 747 2461 non
784 2414 1098 2462 dubitaverunt
1131 2431 1215 2479 pro
1238 2409 1508 2460 Simonideis
1534 2407 1709 2459 habere-

175 2493 182 2497 ’
225 2493 314 2541 Sed
350 2512 399 2542 ea
436 2512 515 2541 cur
550 2493 745 2542 omiserit
779 2492 1068 2551 Plutarchus,
1118 2490 1390 2549 Scholiasta,
1439 2485 1709 2552 Anthologia
1768 2544 1770 2547 v

228 2572 408 2660 intelligi
444 2572 607 2639 nequit.
677 2574 817 2623 Nobis
852 2573 960 2622 haec
996 2572 1142 2621 inanis
1177 2571 1422 2638 loquacitas
1456 2579 1585 2636 poeta
1622 2566 1712 2615 Ceo

226 2654 259 2699 si
306 2651 414 2717 quid
466 2651 588 2700 aliud
632 2651 816 2718 indigna
864 2651 1048 2701 videtur.
1136 2651 1333 2700 Resectis
1378 2648 1472 2698 istis
1515 2645 1716 2696 versibus

148 2720 500 2779 ‘Simonidis
489 2732 714 2796 ingenium
743 2750 979 2796 agnoscas·
1016 2750 1071 2778 ne
1098 2730 1206 2796 quid
1228 2730 1412 2779 nomina
1441 2726 1714 2793 sepultorum
