1826 3080
912 104 976 151 36

273 234 497 296 Θρώσκων
509 238 590 297 μὲν
599 235 655 298 ἂρ
668 236 967 299 Ἀμφιάραος,
983 236 1137 285 ἄκοντι
1154 239 1202 285 δὲ
1215 242 1395 286 νίκασεν
1409 239 1676 301 Μελέαγρος.

809 357 1009 375 -----

271 518 422 530 ——vv
466 521 492 527 —
548 521 624 528 —·—
660 521 688 527 -—
887 520 1042 532 -u—-—

338 557 480 602 Versu
519 555 559 602 1.
595 574 656 610 ως
688 558 837 616 δουρὶ,
871 554 1016 604 Aldus
1051 567 1093 604 et
1126 556 1326 604 Ursinus.
1416 558 1459 604 2.
1495 554 1679 605 Codices

206 634 246 680 A
281 635 316 681 P
350 631 494 683 Aldus
528 637 655 689 νικᾶς
689 634 856 692 ἑνεούς,
890 636 930 683 Β
967 639 1096 682 νικᾶν
1131 633 1284 690 ε’νεους
1318 633 1534 695 δινήεντα.
1556 634 1679 684 Ποῖ,

204 713 312 760 rexit
348 712 610 779 Stephanus.
663 714 832 763 Iolcum
865 714 1059 780 intellige
1091 734 1182 763 non
1212 715 1384 774 urbem,
1417 714 1498 764 sed
1523 733 1681 780 agrum

205 792 242 839 ei
278 791 563 858 adjacentem.
614 793 776 844 Strabo
810 796 899 855 IX,
931 797 983 853 5,
1017 813 1059 861 p.
1093 796 1205 842 305.
1240 795 1438 844 Tauchn.
1478 798 1681 854 Πλησίον

202 876 280 931 τῆς
323 873 635 934 Δημητριάδος
676 877 787 936 (non
829 873 983 942 procul
1025 886 1166 922 vetere
1214 873 1355 935 Iolco)
1398 873 1423 922 ὁ
1451 871 1684 935 Ἀναυρος

205 955 287 1011 ῥεῖ.
324 959 578 999 καλεῖται
610 954 667 1000 δὲ
705 957 794 1001 καὶ
828 953 853 1001 ὁ
889 951 1128 1013 συνεχής
1167 951 1422 1013 αἰγιαλὸς
1453 952 1679 1009 Ἰωλκός.

290 1035 332 1080 3.
367 1031 448 1092 ἠδὲ
483 1037 763 1094 Στασίχορος
805 1036 928 1082 Urs.:
977 1034 1057 1093 η’δὲ
1099 1037 1380 1094 Στησίχορος
1419 1033 1491 1082 P.:
1540 1031 1602 1088 ὥς
1633 1035 1681 1080 δὲ

202 1115 481 1173 Στησίχορος
525 1113 577 1161 Β.
646 1113 736 1161 Cur
781 1125 927 1162 autem
971 1113 1102 1171 haec,
1154 1131 1266 1179 quae
1309 1113 1486 1161 incauto
1530 1131 1678 1162 rerum

202 1191 490 1240 aestimatori·
515 1193 699 1241 forsitan
752 1194 1039 1258 grammatico
1091 1193 1294 1258 digniora
1341 1210 1476 1258 quam
1526 1204 1679 1259 poetae

202 1271 456 1330 videantur,
500 1273 708 1338 adjecerit
752 1285 881 1340 poeta
917 1274 1132 1322 rationem
1165 1271 1442 1321 reddidimus
1475 1271 1678 1337 Prolegg.

202 1369 241 1414 p.
263 1352 468 1400 XXXIV.
511 1351 786 1417 Meleagrum
812 1353 858 1400 in
882 1352 998 1401 ludis
1019 1353 1104 1401 illis
1130 1353 1282 1401 vicisse
1316 1349 1461 1416 jaculo
1495 1369 1678 1400 consen-

199 1429 251 1477 1it
283 1431 489 1498 Hyginus
526 1431 633 1479 Fab.
671 1432 944 1480 CCLXXIII.
1006 1432 1189 1480 Homeri
1222 1441 1368 1479 autem
1401 1430 1580 1479 nomine
1609 1430 1681 1478 Si-

202 1510 403 1559 monides
445 1511 619 1560 videtur
661 1511 902 1578 appellasse
947 1524 1169 1560 auctorem
1203 1509 1446 1560 Thebaidis
1479 1509 1681 1578 cyclicae,

202 1590 326 1654 eujus
373 1591 580 1639 carminis
636 1591 871 1640 Homerica
925 1591 1008 1639 fuit
1055 1590 1238 1639 indoles.
1315 1589 1443 1637 Idem
1485 1589 1681 1638 fecerunt

202 1668 286 1716 alii.
369 1670 573 1718 Ceterum
621 1689 700 1718 cur
739 1670 946 1719 victorem
990 1670 1223 1732 πεντάθλῳ
1276 1680 1534 1718 coronatum
1577 1687 1679 1718 cen-

202 1767 375 1797 seamus
411 1768 565 1798 caussa
598 1750 644 1798 in
680 1761 830 1817 aperto
870 1763 944 1798 est.

496 1899 626 1934 XXVI.
693 1886 943 1935 ἈΔΗΛΩι
976 1893 1387 1934 ΝΕΜΕΟΝΙΚΗι.

335 1978 493 2036 Athen.
531 1988 610 2046 IX,
645 2010 686 2057 p.
724 1991 836 2046 396,
872 1990 921 2037 Ε.
979 1990 1086 2037 Post
1120 1988 1299 2037 allatum
1335 1983 1576 2035 Simonidis
1610 1984 1680 2032 Fr.

203 2068 417 2116 Threnor.
439 2070 491 2126 L,
520 2089 554 2116 v.
580 2072 622 2117 5.
654 2070 821 2136 pergit:
857 2073 946 2116 Καὶ
980 2071 1029 2115 ἐν
1064 2066 1214 2123 ἄλλοις
1248 2066 1329 2114 ἐπ’
1366 2062 1682 2125 Ἀρχεμόρῳ

202 2152 397 2207 εἴρηκεν·
457 2148 744 2208 Ἰοστεφάνου
807 2156 1012 2208 γλυκεῖαν
1063 2147 1311 2207 ἐδάκρυσαν
1369 2142 1521 2205 ψυχάν
1574 2142 1683 2191 ἄπο-

203 2229 394 2273 πνέοντα
427 2226 687 2286 γαλαθηνόν
720 2231 855 2283 τέκος.

339 2306 406 2355 Ita
445 2307 580 2355 codex
615 2308 654 2354 B
691 2320 732 2356 ct
769 2308 978 2365 Ursinus,
1027 2307 1102 2372 qui
1137 2325 1178 2372 p.
1215 2307 1326 2354 339.
1363 2303 1423 2352 ait
1457 2322 1503 2352 se
1538 2303 1598 2350 ita
1632 2319 1682 2351 ex

203 2395 354 2434 vetere
390 2388 726 2451 manuscripto
764 2388 824 2450 (h.
854 2407 889 2436 e.
927 2386 1023 2435 cod.
1060 2385 1350 2442 Farnesiano‚
1385 2383 1460 2450 qui
1494 2401 1585 2430 non
1618 2380 1683 2428 vi—

203 2465 331 2514 detur
373 2466 570 2515 diversus
621 2486 645 2514 a
683 2467 935 2515 Florentino
980 2467 1018 2513 B
1055 2464 1311 2527 Dindorfii.)
1357 2464 1564 2520 edidisse;
1610 2480 1677 2509 co-

205 2546 322 2595 dices
357 2547 394 2594 P
431 2546 486 2611 Q.
524 2546 816 2605 ὀϊστεφοὶνου,
860 2547 903 2594 D
949 2542 1002 2591 ico
1038 2559 1286 2604 στεφανου,
1335 2543 1435 2592 edd.
1477 2553 1575 2590 vett.
1617 2559 1684 2587 ευ-

202 2625 441 2684 στεφοῖνου.
512 2626 684 2675 Deinde
728 2626 859 2682 τόκος
904 2624 1069 2682 Aldus,
1114 2627 1239 2683 τὲχος
1279 2625 1330 2674 P
1382 2624 1488 2671 Post
1533 2638 1682 2669 vocem

199 2705 474 2763 ἰοστεφάνου
517 2706 748 2773 probabile
801 2719 864 2756 est
910 2705 1118 2755 excidisse
1165 2702 1507 2759 substantivum,
1560 2718 1686 2763 ‘ulus

1734 2634 1805 2727 a
