1826 3080
879 87 998 122 XXVI

275 213 321 255 αἱ
353 210 399 255 δὲ
434 206 691 276 σκυζόμεναι
722 214 906 265 γυμνοῖς
939 211 1072 255 ποσὶν
1105 205 1243 255 οἴκαδ’
1277 211 1380 264 ἴασι,

273 286 415 335 πολλά
449 305 499 345 με
531 286 849 342 τωθάσδοισαι,
885 283 948 333 ὅτ’
981 285 1162 334 α’λυθίαν
1197 283 1308 332 ὁδόν
1341 280 1511 344 ἦνθον·

274 366 459 425 όκνηραὶ
490 366 537 411 δὲ
571 363 702 411 πάλιν
734 368 886 419 κενεᾶς
919 367 991 412 ἐπὶ.
1023 366 1218 425 πυθμένι
1248 367 1368 424 χηλῶ

271 451 461 507 ψυχροῖς
492 446 541 490 ἐν
573 443 802 502 γονάτεσσι
831 443 944 504 κάρη
978 448 1180 503 μίμνοντι
1212 450 1429 504 βαλοῐσαι,

274 521 367 569 ἔνθ’
401 520 487 581 αῧη
524 527 674 582 σφίσιν
708 525 835 583 ἕδρα,
869 520 983 570 &xviv
1016 519 1232 584 ἄπρακτοι
1265 526 1456 570 ἵκωνται.

205 680 329 727 Illam
379 698 510 745 quam
559 678 748 728 diximus
790 679 1161 728 narratiunculam
1203 679 1417 728 inficetius
1451 677 1672 726 deforma-

204 758 275 815 vit,
312 758 384 823 qui
422 770 727 821 argumentum
761 758 934 824 scripsit
966 759 1211 807 Theocritei
1245 757 1360 806 illius
1394 755 1558 826 Idyllii‚
1595 775 1671 804 cu-

204 837 273 901 jus
307 836 415 884 haec
448 849 568 884 sunt:
605 839 795 895 Λέγουσι
823 835 902 884 τὸν
929 841 1187 896 Σιμωνίδην
1221 839 1336 896 ἔχειν
1369 834 1452 882 δύο
1476 833 1670 895 κιβώτια,

201 913 252 961 τό
286 916 367 973 μὲν
400 919 606 974 χαρίτων,
638 913 690 962 vo*
725 917 770 962 δὲ
805 915 1032 962 διδόντων.
1069 913 1140 963 ὅτε
1177 910 1262 962 οὖν
1294 933 1358 970 τις
1391 913 1496 976 παρ’
1531 909 1673 960 αὖτδν

204 996 462 1055 παρεγένετο
505 993 636 1054 χάριν
677 994 958 1053 αἰτούμενος,
1004 996 1172 1040 ἐκέλευε
1207 995 1360 1054 φέρειν
1391 991 1445 1040 voi
1477 991 1669 1053 κιβώτια·

201 1072 426 1133 εὑρίσκετο
463 1068 548 1119 οὗν
580 1070 632 1119 τό
666 1077 746 1132 μὲν
776 1077 866 1119 τῶν
897 1077 1091 1133 χαρίτων
1124 1071 1279 1129 κενόν,
1323 1069 1375 1121 vd
1408 1072 1456 1118 δὲ
1488 1074 1579 1118 τῶν
1612 1074 1671 1118 δι-

202 1151 373 1198 δόντων
407 1156 590 1212 πλῆρες·
624 1155 696 1199 καὶ
730 1149 872 1207 οὕτως
906 1149 930 1198 ὁ
966 1149 1047 1210 τήν
1083 1149 1255 1211 δωρεάν
1288 1149 1549 1211 αἰτούμενος
1574 1148 1670 1197 ἅνε-

198 1230 405 1278 κόπτετοε
442 1230 714 1296 probabilius
749 1230 833 1289 illi,
869 1231 944 1297 qui
979 1230 1062 1278 tale
1097 1230 1205 1296 quid
1239 1229 1484 1296 reposuisse
1517 1228 1670 1277 dicunt

197 1322 392 1377 poetam,
438 1329 574 1376 quum
618 1309 715 1374 quis
749 1309 996 1356 encomium
1038 1309 1159 1375 petiit
1192 1309 1379 1373 gratiam
1411 1307 1667 1360 habiturum

198 1388 478 1455 pollicitatus‚
517 1387 639 1435 Stob.
675 1387 861 1435 Sermm.
896 1389 960 1445 X,
995 1389 1072 1435 39.
1139 1386 1342 1435 Eundem
1377 1406 1467 1435 non
1501 1387 1671 1435 miran-

198 1468 303 1515 dum
348 1479 411 1515 est
455 1466 624 1514 nobiles
665 1466 865 1514 homines
909 1478 951 1514 et
993 1485 1227 1529 generosos
1271 1485 1322 1514 ex
1364 1465 1524 1532 opibus
1566 1483 1669 1514 cen-

197 1546 354 1602 suisse,
398 1565 506 1610 quas
548 1563 573 1591 a
616 1544 859 1609 majoribus
902 1543 1083 1592 traditas
1119 1539 1406 1611 accepissent:
1449 1543 1669 1592 Plutarch.

199 1625 253 1672 de
295 1624 439 1671 Nobil.
474 1624 635 1670 XVIII.
713 1626 969 1680 Σιμωνίδην
1010 1626 1059 1669 δέ
1101 1638 1210 1682 φασι
1243 1622 1572 1683 ἀποκρίνασθαι
1604 1626 1667 1668 δι-

197 1703 500 1764 ερωτώμενον,
536 1707 649 1757 τίνες
682 1700 890 1761 εὐγενεῖς,
931 1699 1037 1756 τούς
1068 1704 1117 1748 ἐκ
1151 1702 1286 1748 πάλαι
1319 1704 1548 1748 πλουσίων
1585 1699 1670 1760 φά-

194 1803 290 1839 ναι,
327 1782 528 1831 adulatus
563 1781 744 1829 forsitan
780 1780 907 1828 lautis
943 1780 1192 1830 Corinthiis.
1251 1780 1415 1829 Confer
1449 1778 1666 1828 Welcke-

196 1882 295 1910 rum
330 1861 532 1926 I‘rolegg.
570 1860 767 1925 Theogn.
803 1879 843 1926 p.
874 1858 1001 1910 LIX„
1058 1861 1211 1926 Neque
1244 1871 1435 1908 extrema
1467 1869 1667 1907 senectus

196 1941 311 1990 sitim
354 1941 480 1988 istam
527 1939 807 1988 exstinxerat:
852 1938 1067 1988 Stobaeus
1109 1938 1294 1988 Sermm.
1339 1941 1404 1997 X,
1448 1939 1525 1986 62.
1590 1944 1670 1985 Σι-

193 2024 388 2078 μωνίδης
421 2022 668 2079 ἐρωτηθεὶς,
708 2016 778 2064 διοέ
811 2023 854 2064 τί
886 2018 1073 2078 ἐσχάτου
1110 2017 1257 2079 γήρως
1292 2015 1356 2064 ὧν
1391 2015 1667 2077 φιλάργυρος

193 2104 283 2157 εἴη,
316 2097 438 2154 “Οτι,
493 2098 636 2154 εἶπεν,
679 2102 924 2156 βουλοίμην
968 2094 1026 2143 ἂν
1068 2095 1316 2144 ἀποθανών
1358 2099 1452 2152 τοῖς
1485 2097 1668 2155 ἐχθροῖς

193 2182 367 2237 μᾶλλον
396 2176 643 2234 ἀπολιπεῖν,
677 2174 704 2236 ἢ
741 2181 829 2232 ζῶν
864 2181 1034 2223 δεῖσθαι
1066 2179 1155 2222 τῶν
1190 2180 1351 2235 φίλων,
1386 2171 1669 2236 κατεγνωκαῗς

192 2262 270 2317 τῆς
303 2261 392 2303 τῶν
427 2260 606 2303 πολλῶν
642 2261 789 2315 φιλίας
821 2253 872 2302 τό
907 2253 1126 2314 ἀβέβαιον.
1192 2254 1401 2303 Similiter
1434 2253 1549 2303 Plut.
1590 2252 1664 2301 An

194 2337 298 2384 Seni
332 2355 374 2402 p.
412 2336 531 2392 786,
574 2337 624 2383 Β.
693 2339 946 2395 Σιμωνίδης
987 2337 1102 2392 ἔλεγε
1145 2332 1260 2394 πρδς
1292 2332 1399 2388 τούς
1430 2334 1666 2392 ἐγκαλοῦν-

191 2435 267 2470 τας
300 2415 420 2477 αὐτῷ
458 2419 764 2473 φιλαργυρίαν,
807 2411 875 2460 ὅτι
906 2417 994 2460 τῶν
1029 2410 1176 2459 ἄλλων
1211 2411 1558 2472 ἀπεστερημένος
1591 2408 1662 2456 διοέ

190 2494 241 2541 τό
286 2499 422 2553 γῆρας
461 2492 660 2551 ἡδονῶν,
706 2491 796 2539 omi
841 2497 942 2552 μιᾶς
985 2495 1046 2539 ἔτι
1087 2499 1422 2552 γηροβοσκεῖται
1460 2493 1540 2549 τῆς
1570 2487 1664 2536 ἀπό

189 2578 272 2619 τοῦ
308 2576 559 2633 κερδαίνειν.
615 2572 743 2619 Unde
771 2572 1086 2638 Aristophanes
1118 2572 1219 2620 Pac.
1256 2572 1366 2622 681.
1398 2567 1661 2637 Sophoclem

190 2664 395 2717 tauquam
434 2651 615 2700 alterum
653 2651 924 2702 Simonidem
962 2651 1149 2700 vellicat:
