1826 3080
913 121 978 167 90

211 257 399 324 repperit
435 255 792 304 Hemsierhusius
827 255 871 301 in
909 254 1088 302 Lucian.
1126 256 1166 312 Ι,
1201 274 1243 321 p.
1281 257 1414 313 307.‚
1461 275 1574 322 quae
1608 277 1683 306 ru-

203 358 283 405 pes
318 348 409 385 erat
443 337 488 382 in
527 336 747 383 Geranea:
792 333 937 381 Schol.
983 333 1110 382 Pind.
1159 333 1310 383 Isthm.
1354 334 1520 384 Intro&
1586 334 1684 384 'lvd

120 445 124 449 ·
206 416 276 464 δια
326 420 558 475 Γερανείας
600 418 682 459 τοῦ
729 410 867 473 ὅρους
915 418 997 460 τοῦ
1045 419 1304 473 Μεγαρικοῦ
1363 419 1569 474 φυγοῦσα
1611 419 1684 463 καὶ

207 502 342 545 στᾶσα
389 498 460 542 ἐπὶ
501 498 579 552 τῆς
620 487 913 551 καλουμένηςἿ
940 493 1262 553 Μολουριάδος
1309 485 1480 552 ἤλλετο“
1512 496 1558 551 ἐς
1602 493 1683 555 τήν

203 578 444 625 θάλασσαν.
514 572 753 621 Muellerus
795 572 1011 637 Aeginen.
1056 591 1097 639 p.
1151 573 1195 621 4.
1250 572 1457 622 tuebatur
1500 580 1684 622 Μεθου-

204 659 367 719 ριάδος,
403 672 538 720 quum
575 671 691 699 unus
725 651 977 700 Simonides
1011 652 1260 701 Geraneam
1294 665 1490 703 montem
1515 653 1563 702 in
1585 653 1680 703 Sei-

201 739 351 786 ronico
376 735 500 782 litore
527 731 814 788 collocaverit,
849 731 927 780 sed
955 731 1031 779 cfr.
1056 731 1244 780 eundem
1263 733 1394 782 Dorr.
1418 733 1475 790 ΙΙ,
1503 751 1546 800 p.
1566 733 1680 783 432.

883 881 988 915 LXV.

333 973 455 1021 Stob.
493 971 672 1036 Eclogg.
710 971 843 1039 Phys.
881 972 925 1027 Ι,
962 972 1004 1018 6.
1055 990 1096 1036 p.
1133 972 1210 1020 28.
1260 971 1443 1019 Heeren.
1501 979 1682 1032 Σιμω-

199 1058 320 1111 νίδη
337 1073 377 1107 ς·

368 1129 480 1185 Ζεύς
515 1130 697 1176 πάντων
733 1127 870 1182 αὐτός
905 1127 1116 1188 φάρμακα
1149 1130 1321 1188 μοῦνος
1353 1131 1450 1188 ἔχει.

198 1212 384 1265 Πάντως
429 1207 663 1258 (Ῑέιῐιῐει-υεε
708 1207 889 1255 πάντων
935 1207 1064 1256 codd.
1106 1210 1146 1254 V
1164 1207 1217 1255 Α.
1292 1208 1495 1257 conferri
1538 1221 1683 1275 potest

197 1292 387 1342 Philetas
424 1292 542 1339 Cous
577 1287 698 1356 apud
734 1286 856 1334 Stob.
893 1287 1081 1335 Sermm.
1119 1287 1326 1344 CXXIV,
1365 1288 1440 1336 15.

261 1370 375 1419 Ἀλλ’
413 1367 475 1416 ὅτ’
511 1372 583 1416 ἐπὶ
615 1366 780 1427 χρόνος
814 1367 948 1426 ἔλθῃ,
990 1365 1043 1420 ὃς
1073 1369 1123 1412 ἐκ
1158 1363 1272 1421 Διὸς
1304 1363 1648 1425 ἄλγεαπέσσειῡ

363 1453 536 1508 ἔλλαχε,
575 1451 648 1495 καὶ
683 1448 943 1494 πενθέων
979 1445 1240 1506 φάρμακα
1275 1450 1486 1506 μοῦνος
1519 1449 1644 1507 ἔχει.

194 1533 346 1597 Neque
381 1543 527 1578 tamen
563 1540 716 1576 auctor
750 1526 855 1583 sim,
902 1537 950 1573 ut
998 1525 1074 1573 Cei
1107 1537 1262 1591 poetae
1297 1526 1514 1592 scriptura
1549 1538 1678 1576 attre-

195 1623 352 1666 ctetur,
389 1628 526 1675 quum
563 1608 637 1672 qui
673 1607 804 1654 suerit
837 1618 964 1653 tenor
998 1605 1210 1653 orationis
1243 1605 1511 1669 ignoremus.

875 1754 996 1789 LXVI.

327 1846 450 1894 Stob
487 1844 667 1909 Eclogg.
701 1844 834 1911 Phys.
855 1845 889 1899 Ι,
925 1845 970 1900 9,
1003 1846 1081 1889 22.
1120 1843 1303 1891 Heeren.
1340 1845 1677 1902 Σιμωνίδης·

646 1921 749 1972 “On
783 1921 951 1983 χρόνος
985 1920 1092 1978 ὁξυς
1127 1921 1317 1976 ὀδόντας

364 2004 595 2063 σύμπαντα
629 2003 761 2062 ψήχει
793 2005 866 2049 καὶ
899 2000 952 2049 τοὶ
987 2001 1223 2060 βιαιότατα.

194 2087 333 2132 Versu
374 2085 412 2131 1.
457 2079 583 2129 οὗτοι
626 2083 866 2139 Canterus‚
916 2078 1033 2128 οὕτω
1079 2081 1284 2137 Grotius,
1329 2076 1397 2145 ὅτι
1439 2081 1560 2128 VA:
1600 2077 1680 2127 sed
1704 2070 1714 2077 ἃ

194 2163 240 2210 id
276 2163 421 2228 ipsum
456 2162 642 2210 fortasse
678 2181 766 2209 non
804 2173 867 2210 est
900 2171 1066 2227 poetae.
1171 2163 1214 2207 2.
1252 2162 1324 2206 καὶ
1350 2157 1495 2205 πάντα
1525 2157 1679 2224 vulgo:

195 2241 317 2308 quod
366 2260 502 2307 quum
550 2259 833 2307 summopere
876 2238 1123 2289 absurdum
1159 2239 1238 2298 sit,
1285 2238 1517 2298 σύμπαντα
1550 2252 1679 2306 repo-

194 2322 384 2370 suimus:
434 2320 574 2387 possis
620 2322 698 2380 ρέα
742 2320 896 2367 πάντα.
980 2318 1095 2382 Quis
1128 2318 1245 2367 enim
1281 2317 1396 2367 ferai*
1424 2318 1487 2367 ita'
1518 2315 1680 2367 balho-

194 2402 392 2450 tientem:
435 2401 631 2465 Tempus
675 2408 720 2446 et
765 2399 913 2448 omnia
959 2399 1113 2447 domat
1155 2406 1202 2445 et
1248 2397 1500 2447 firmissima
1544 2406 1678 2462 quie-

194 2481 312 2546 que?
347 2507 414 2515 —-
480 2480 598 2526 Tum
643 2479 857 2528 Cantems
903 2478 1049 2539 ψύχη,
1097 2477 1279 2527 Grotius
1326 2476 1501 2537 σμύχει,
1549 2473 1676 2525 codd,

195 2562 235 2607 V
258 2560 298 2607 A
331 2558 475 2618 ψύχει.
526 2558 789 2607 Emendavit
822 2559 1071 2608 Piersonus.
1106 2558 1375 2624 Hesychius:
1416 2554 1571 2615 Ψήχει·
1608 2573 1680 2601 κα·

193 2640 411 2698 ταμύσσει.
448 2643 596 2698 τρίβει.
628 2637 730 2693 ξύει.
767 2638 929 2699 σμήχει.
977 2637 1240 2703 Opportune
1271 2637 1503 2686 conferunt
1529 2634 1680 2699 Epigr.

198 2719 287 2766 lnc.
325 2719 434 2767 651.
471 2716 682 2779 (Bruuck.
719 2719 863 2767 Anall.
903 2717 999 2772 ΙΙΙ,
1034 2735 1075 2782 p.
1113 2717 1246 2780 281.)
