1826 3080
891 76 960 110 XX

196 196 437 264 Syracusas
484 215 530 245 se
574 196 755 244 contulit
802 196 951 262 ibique
1001 195 1060 244 ad
1102 194 1386 264 Olympiadis
1425 197 1665 245 LXXVIII.

196 294 362 324 annum
396 276 612 342 primum,
647 276 722 341 qui
756 275 866 323 vitae
901 275 1080 324 ultimus
1115 275 1217 332 fuit,
1253 275 1367 323 vixit.
1426 274 1495 324 Et*
1515 276 1554 324 si
1587 295 1666 325 au-

195 354 368 403 diamus
410 354 668 412 Libanium,
721 365 918 402 accurate
970 353 1194 402 narrando
1245 353 1380 403 fidem
1424 353 1665 412 facientem,

195 435 407 498 Magnam
443 433 672 482 Graeciam
706 432 919 481 invisebat
954 451 1004 482 eo
1038 445 1248 500 tempore,
1282 452 1370 500 quo
1400 433 1447 481 in
1473 433 1666 483 Siciliam

195 526 287 562 erat
319 513 606 580 profecturus.
655 511 770 559 Nam
805 510 876 560 ille
909 512 960 559 T.
995 512 1082 570 lv,
1118 531 1161 578 p.
1195 512 1335 560 1101.
1378 511 1480 560 Rsk.
1515 510 1562 559 in
1595 511 1667 561 iti-

195 611 298 641 nere
333 593 390 640 ad
424 593 686 648 Tarentum,
719 590 798 639 ubi
831 610 987 639 navem
1023 602 1133 640 esset
1167 609 1496 648 conscensurus,
1529 607 1667 656 quum

194 672 453 738 repperisset
503 681 724 718 mortuum
770 688 956 736 eumque
999 671 1240 727 humasset,
1274 669 1348 717 ‘ab
1393 668 1546 718 eodem
1589 685 1671 736 per

193 769 397 798 somnum
433 750 648 798 monitum
683 749 854 807 scribit,
888 767 944 796 ne
978 748 1223 812 navigaret:
1258 747 1581 814 obtemperasse
1613 747 1668 796 il-

194 829 308 886 lum,
359 828 550 894 reliquos
601 846 712 876 nave
765 845 970 894 percussa
1016 827 1250 884 interiisse,
1301 847 1340 875 v.
1392 826 1452 875 ad
1494 827 1668 893 Epigrr.

195 908 474 955 CLXXXIII.
523 909 598 955 IV.
685 907 886 972 Namque
933 907 1067 954 Hiero
1117 905 1324 953 diuturna
1374 905 1670 970 aegrotatione

193 987 422 1053 pristinam
466 1005 641 1034 morum
687 988 951 1035 ferocitatem
998 996 1174 1034 exuerat
1210 984 1562 1050 optimatumque
1598 1002 1669 1032 ar-

194 1067 304 1113 tium
351 1064 565 1113 illecebris
611 1066 793 1115 mirifice
837 1077 989 1132 captus
1031 1065 1147 1113 viros
1202 1065 1248 1112 in
1292 1064 1413 1112 omni
1456 1063 1668 1130 sapientia

193 1145 414 1211 principes
457 1144 515 1191 ad
558 1163 603 1192 se
647 1146 854 1202 vocabat,
899 1145 1195 1202 Simonidem,
1244 1144 1511 1201 Pindarum,
1554 1143 1668 1191 Bac-

195 1224 437 1292 chylidem,
478 1223 771 1292 Aeschylum,
816 1223 944 1281 alios,
990 1242 1023 1271 v.
1074 1222 1241 1271 Aelian.
1286 1224 1339 1270 V.
1376 1223 1431 1269 H.
1465 1222 1548 1279 lv,
1597 1222 1668 1270 15.

194 1303 468 1352 Simonidem
502 1302 799 1351 munificentia
836 1301 1012 1370 tyranni
1047 1301 1247 1350 allectum
1282 1299 1349 1348 vel
1383 1318 1561 1364 gravem
1590 1317 1669 1347 an-

195 1385 262 1431 nis
305 1383 546 1450 Syracusas
594 1381 716 1429 adire
756 1400 847 1428 non
889 1380 1148 1428 detrectasse
1189 1378 1400 1428 Aelianus
1442 1376 1577 1426 tradit
1617 1379 1670 1426 V.

195 1463 250 1510 H.
287 1463 371 1519 IX,
411 1463 450 1509 1.
489 1460 658 1525 aliique.
728 1460 880 1524 Neque
915 1459 1007 1523 ipse
1041 1458 1371 1515 dissimulabat,
1404 1458 1545 1523 pretio
1580 1474 1671 1505 ser-

194 1560 347 1589 mones
390 1559 492 1588 suos
536 1540 593 1587 ab
628 1538 702 1586 illo
737 1538 1009 1603 redemptos,
1045 1536 1199 1603 Synes.
1234 1536 1345 1601 Epp.
1380 1535 1486 1592 88.;
1521 1546 1666 1582 tamen

197 1619 294 1686 plus
329 1619 545 1685 profuisse
580 1616 762 1664 Hieroni
798 1615 1084 1671 Simonidem,
1120 1633 1252 1680 quam
1279 1625 1444 1669 contra,
1477 1624 1670 1661 veterum

196 1699 457 1764 scriptorum
505 1715 591 1744 una
638 1707 702 1744 est
742 1707 782 1743 et
824 1694 1096 1742 consentiens
1138 1711 1245 1750 vox,
1304 1691 1468 1757 quippe
1510 1691 1671 1757 quibus

198 1777 410 1844 sapientia
445 1775 624 1839 majoris
659 1787 751 1823 erat
787 1793 919 1839 quam
956 1791 1083 1838 opeS,
1118 1791 1155 1819 v.
1190 1770 1358 1819 Aelian.
1393 1773 1445 1817 V.
1481 1771 1537 1818 Η.
1571 1770 1671 1827 XII,

198 1860 274 1905 25.
311 1868 352 1904 et
387 1856 540 1923 Synes.
585 1854 611 1902 l.
648 1873 681 1901 c.
718 1865 759 1901 et
794 1852 877 1900 alii.
959 1849 1210 1899 Simonides
1251 1861 1396 1898 autem
1432 1861 1532 1897 ante
1564 1849 1669 1897 Pin-

204 1936 362 1984 darum
405 1935 520 1999 regis
567 1932 771 1999 precibus
814 1942 1019 1987 cesserat,
1076 1929 1113 1977 si
1157 1927 1337 1994 quidem
1386 1926 1498 1976 fides
1549 1928 1672 1993 Apo·

200 2014 471 2080 phthegmati
507 2012 711 2068 Pindari,
759 2010 878 2076 quod
914 2029 964 2058 ex
1000 2007 1148 2057 codice
1181 2005 1429 2055 Boeckhius
1461 2005 1674 2072 protraxit

200 2091 359 2141 Scholl.
397 2091 526 2139 Pind.
561 2110 603 2156 p.
643 2092 714 2138 10.
785 2089 1051 2148 Ἐρωτηθεὶς
1082 2086 1364 2150 (Pindarus),
1408 2082 1479 2131 aui
1520 2087 1565 2131 τί
1594 2090 1673 2131 Σι-

201 2175 394 2229 μωνίδης
428 2167 541 2229 πρός
574 2166 652 2215 τόν
686 2167 909 2226 τύραννον
943 2165 1220 2224 ἀπεδήμησεν
1251 2168 1312 2219 εἰς
1340 2167 1563 2219 Σικελίαν,
1599 2161 1675 2209 αὖ·

201 2250 276 2304 τός
309 2251 355 2295 δὲ
394 2247 448 2295 οὐ
485 2250 625 2302 θέλεις
648 2244 748 2294 ΓὈτι
782 2245 1023 2305 βούλομαι,
1059 2244 1200 2299 εἶπεν,
1237 2244 1408 2304 ἐμαυτῷ
1444 2244 1545 2301 ζῆν,
1589 2239 1674 2288 οὐκ

202 2328 338 2391 ἅλλφι
384 2344 494 2392 quae
538 2344 626 2374 non
664 2344 713 2373 ex
748 2324 896 2372 animo
931 2323 1044 2371 dicta
1081 2334 1257 2371 eventus
1292 2320 1451 2370 docuit.
1529 2320 1674 2368 Simo-

202 2408 326 2455 nides
359 2406 504 2454 statim
541 2417 587 2452 ut
623 2404 856 2452 advenerat
890 2419 1042 2468 pacem
1078 2400 1322 2449 conciliavit
1358 2401 1472 2448 inter
1504 2399 1672 2448 Them-

201 2504 301 2535 ηοω
339 2485 678 2550 Agrigentinum
715 2495 755 2531 et
782 2483 1016 2531 Hieronem
1053 2480 1233 2545 ejusque
1259 2479 1437 2535 amicos,
1469 2488 1520 2527 ut
1538 2477 1674 2526 Hiero

204 2567 312 2613 adeo
344 2579 538 2614 sororem
575 2561 791 2609 Theronis
826 2560 1023 2615 duceret,
1058 2578 1095 2606 v.
1132 2557 1293 2606 Scholl.
1329 2555 1456 2606 Pind.
1492 2554 1673 2623 Olymp.

204 2644 266 2699 11,
305 2646 376 2691 29.
458 2643 695 2709 Tyrannus
742 2651 885 2687 autem
926 2650 1015 2687 tam
1053 2637 1230 2701 largiter
1264 2637 1424 2685 victum
1459 2633 1675 2683 submini-
