1826 3080
905 107 970 155 74

194 243 373 309 reliqui,
419 255 465 291 ut
510 242 647 290 codex
696 242 856 289 Victor.
900 260 930 307 p
972 242 1158 302 τεκνόφι
1199 247 1322 298 δίκας
1355 264 1452 303 μοι,
1498 246 1607 312 Reg.
1642 248 1674 294 Ι.

194 328 317 378 δίκας
364 322 593 381 σύγγνωθί
639 340 740 387 μορς
787 320 1008 382 Victorius
1054 322 1100 369 in
1147 323 1289 389 Marg.
1338 323 1477 384 νόσφι
1527 330 1674 382 δίκαςε

194 402 457 451 Schaeferus
491 400 676 459 τεκνόφι
707 403 819 460 δίκᾳ,
857 399 917 446 ob
946 400 1135 464 justam
1157 401 1274 468 filii
1303 422 1547 456 caussam.
1581 407 1675 455 Nos

194 482 458 531 Mehlhornii
495 480 706 545 judicium
744 478 1109 545 approbavimus:
1145 482 1205 528 Si
1233 482 1362 548 quid
1393 492 1562 532 autem
1583 503 1675 533 au-

193 562 366 609 dacius
416 567 623 624 precata
672 576 809 614 sum,
880 558 940 607 id
982 568 1036 606 tu
1086 559 1216 608 mihi
1247 563 1459 627 pueruli
1496 565 1674 628 gratia

190 644 421 705 ignoscas
468 639 623 687 velim.
715 639 956 706 Compares
1001 640 1295 709 Aeschyleum
1356 648 1479 699 τίνος
1523 647 1672 704 δίκηνς

190 720 548 786 quamobrem?
605 719 814 766 Formam
849 718 1033 779 τεκνόφι
1074 720 1132 767 ad
1167 721 1407 787 Epicurum
1442 734 1674 789 poetarum

189 798 549 849 consuetudinem
584 799 759 846 novavit
791 810 931 865 poeta.
1657 789 1661 793 ’

323 878 512 925 Carmen
559 896 610 926 ex
657 878 778 925 omni
825 878 1082 945 antiquitate
1129 880 1414 929 tenerrimum
1466 893 1508 930 et
1553 882 1674 932 unde

189 961 323 1007 Ceam
367 957 572 1005 naeniam
618 975 794 1005 censeas
835 958 880 1004 in
925 969 1124 1006 nostrum
1168 978 1417 1008 sermonem
1451 962 1674 1011 transtulit

186 1037 459 1086 Welckerus
504 1036 550 1083 in
594 1035 760 1100 Trilog.
796 1036 953 1085 Aesch.
998 1057 1040 1104 p.
1079 1038 1216 1096 380.‚
1262 1040 1430 1089 Latinis
1472 1041 1671 1092 versibus

188 1117 381 1166 reddidit
415 1117 468 1164 R.
505 1116 557 1163 B.
593 1116 638 1163 in
674 1116 795 1165 Diar.
832 1116 967 1166 Class.
1005 1118 1113 1166 Brit.
1149 1119 1314 1178 XXIII,
1349 1139 1390 1186 p.
1427 1121 1537 1170 348.

899 1266 955 1301 LI.

320 1353 537 1404 Stobaeus
573 1353 758 1402 Sermm.
794 1354 998 1413 XCVIII,
1039 1355 1114 1403 15.
1151 1356 1288 1404 Gaisf.
1327 1361 1670 1417 Σιμωνίδου·

388 1432 507 1482 Οὐδὲ
540 1430 624 1494 γάρ
661 1438 707 1479 οἳ
739 1433 960 1494 πρότερόν
995 1433 1091 1481 ποτ’
1127 1437 1354 1493 ἐπέλοντο,

384 1516 508 1560 θεῶν
542 1514 578 1559 δ’
613 1515 658 1568 ἐξ
694 1512 901 1559 ἀνάκτων
935 1513 1134 1573 ἐγένονθ’
1169 1514 1275 1572 υἷες,

385 1592 589 1652 ἡμίθεοι,
626 1590 803 1638 ἄπονον
840 1589 931 1638 οὔτ’
967 1590 1165 1652 ἄφθιτον

388 1669 490 1718 οὔτ’·
517 1670 762 1718 ἀκίνδυνον
794 1675 899 1730 βίον
933 1675 980 1727 ἐς
1011 1675 1150 1733 γῆρας

386 1753 584 1806 ἐξίκοντο
620 1752 877 1805 τελέσαντες.

386 2098 840 2114 ----------

388 2181 500 2192 ..ν-
621 2181 728 2192 υ--

183 2230 326 2276 Locus
362 2228 550 2276 omissus
587 2228 632 2274 in
669 2225 818 2274 codice
852 2227 905 2274 A.
965 2224 1154 2274 Videtur
1196 2236 1339 2273 autem
1377 2224 1561 2274 threnus
1594 2225 1666 2274 hic

183 2308 370 2375 scriptus
415 2307 548 2356 fuisse
593 2307 638 2354 in
685 2306 826 2354 virum
871 2306 1074 2372 juvenem
1121 2306 1192 2353 in'
1219 2305 1316 2372 ipso
1364 2303 1471 2354 flore
1514 2305 1667 2356 aetatis

184 2400 281 2454 post
330 2387 460 2435 vitam
509 2404 816 2435 aerumnosam
863 2382 1078 2450 (ἄπονον)
1122 2383 1187 2433 vel
1231 2384 1390 2432 morbo
1426 2381 1666 2448 (ἄφθιτον)

183 2467 248 2515 vel
286 2465 401 2514 bello
435 2464 618 2514 similive
653 2465 847 2531 periculo
882 2463 1166 2530 (ἀκίνδυνον)
1201 2464 1498 2530 absumptum.
1529 2463 1663 2512 Sen-

183 2546 361 2593 tentiam
399 2544 454 2593 de
488 2545 575 2593 vita
611 2545 907 2593 semideorum
942 2543 1148 2611 periculis
1187 2543 1389 2592 infestata
1425 2561 1665 2608 eorumque

183 2636 460 2690 praematuro
496 2624 619 2673 obitu
669 2624 725 2672 ab
762 2622 957 2673 Hesiodo
992 2635 1215 2672 mutuatus
1252 2636 1314 2672 est
1350 2633 1499 2689 poeta,
1545 2620 1663 2688 Opp.

182 2716 222 2751 et
259 2703 310 2750 D.
354 2705 458 2756 156*
481 2722 575 2770 sqq.
