1826 3080
935 112 1001 157 26

226 245 325 293 240
346 263 440 311 sqq.
488 244 692 308 Namque
708 243 935 294 Diodorus
954 247 1032 304 XI,
1059 247 1137 297 48.
1181 246 1484 309 Ἐτελεύτησεν
1499 251 1703 322 (Olymp.

224 326 428 382 LXXVI,
468 324 530 388 1.)
575 321 812 378 Ἀναξίλας
855 323 880 370 ὁ
923 323 1101 385 Ῥηγίου
1142 331 1215 374 καὶ
1248 328 1451 389 Ζάγκλης
1480 331 1705 394 τύραννος

222 403 520 458 δυναστεύσας
561 404 632 460 ἔτη
679 403 921 453 δεκαοκτώ·
972 403 1055 465 τήν
1099 407 1147 453 δὲ
1197 412 1440 469 τυραννίδα
1484 413 1701 469 διεδέξατο

221 490 436 539 Μίκυθος
469 484 718 536 πιστευθεὶς
750 480 860 530 ὥστε
894 483 1148 533 ἀποδοῦναι
1190 494 1284 534 τοῖ
1289 508 1312 543 ς
1351 490 1578 546 τέκνοις
1617 496 1707 539 τοῦ

218 563 557 623 τελευτήσαντος
583 555 695 607 ὀὗσ
706 581 721 607 ι
755 564 913 619 νέοις
943 563 1026 624 τήν
1057 565 1247 625 ἡλικίαν.
1317 570 1484 618 Verum
1519 588 1613 619 non
1644 571 1700 620 li·-

218 647 427 694 berorum
462 653 569 690 natu
604 640 852 702 minorum,
897 645 976 693 sed
1009 645 1169 711 Rhegii
1215 649 1461 707 έπίτροπον
1492 648 1703 717 relinquit

219 724 432 773 Anaxilas
467 718 684 769 Herodoti
718 723 818 781 VII,
859 723 964 773 170.
1007 723 1057 772 Ὁ
1091 726 1138 772 δὲ
1163 730 1379 782 Μίκυθος
1413 729 1584 789 οἰκέτης
1610 727 1702 778 ἐῶν

215 805 455 861 Ἀναξίλεω
515 804 823 861 ἐπίτροπος
873 801 1096 863 Ῥηγίου
1162 806 1494 867 καταλέλειπτο,
1562 804 1700 866 οὗτος

216 883 355 945 ὅσπερ
391 877 647 931 ἐκπεσών
682 883 741 928 ἐκ
771 880 988 942 Ῥηγίου
1023 885 1194 949 (rursus
1230 885 1342 934 fallit
1374 887 1701 948 DiodorusXI,
1775 912 1778 915 ·

214 969 314 1032 66.)
348 969 422 1013 καὶ
449 968 612 1026 Τεγέην
646 962 728 1024 τήν
761 962 999 1023 ’Λρκᾶδων
1033 965 1218 1024 οἰκήσας
1251 964 1444 1026 ἀνέθηκε
1470 969 1522 1014 έν
1545 959 1731 1029 Ὀλυμ·-

211 1051 289 1107 πίῃ
323 1044 431 1101 τούς
465 1044 663 1101 πολλοῦς
697 1043 969 1104 ἀνδριάντας.
1049 1043 1177 1108 Quae
1218 1063 1353 1111 prave
1386 1047 1697 1115 interpretatus
1735 1110 1737 1116 Ι

211 1138 275 1175 est
294 1126 534 1184 Diodorus,
568 1145 649 1192 per
674 1137 814 1173 totum
845 1124 964 1172 hunc
997 1123 1144 1172 locum
1180 1124 1357 1173 fallaces
1395 1125 1530 1175 duces
1556 1139 1695 1176 secta-

210 1218 306 1255 tus:
340 1205 500 1260 rectius
534 1205 777 1254 Pausanias
798 1205 851 1262 V,
884 1206 965 1263 26,
1000 1207 1061 1263 3.,
1096 1205 1167 1253 cui
1201 1205 1457 1274 Smicythus
1492 1218 1558 1255 est
1593 1210 1697 1255 δοῦ-

207 1293 286 1341 λος
318 1288 391 1332 καὶ
423 1290 579 1345 ταμίας
611 1290 702 1332 τῶν
729 1277 949 1340 ”Αναξίλα
981 1283 1231 1344 χρημάτων.
1288 1283 1415 1333 Idem
1436 1297 1582 1334 autem
1602 1298 1691 1336 sta-

207 1368 284 1415 tim
331 1378 433 1432 post
475 1365 530 1414 de
565 1364 763 1413 donariis
805 1363 898 1412 istis
931 1363 1148 1432 Micythi:
1198 1362 1263 1410 Τοὶ
1295 1365 1368 1410 ἐπὶ
1396 1371 1492 1420 τοῖς
1523 1365 1693 1428 ἀναβή-

204 1460 337 1506 μασιν
370 1444 673 1506 ἐπιγράμματα
720 1446 794 1490 καὶ
826 1444 994 1503 πατέρα
1027 1442 1248 1505 Σμικύθῳ
1285 1449 1461 1505 Χοῖρον
1490 1446 1566 1491 καὶ
1595 1442 1691 1492 Ἐλ-

203 1531 386 1586 ληνίδας
418 1525 539 1588 αὐτῷ
576 1523 727 1579 πόλεις
756 1521 934 1582 Ῥήγιόν
979 1517 1024 1568 τε
1069 1526 1257 1582 πατρίδα
1301 1525 1376 1569 καὶ,
1407 1521 1489 1582 τήν
1523 1525 1596 1571 ἐπὶ
1628 1528 1690 1587 τῷ

203 1608 396 1668 πορθμῷ
433 1602 679 1663 Μεσσήνην
713 1607 895 1649 δίδωσιν
932 1605 1080 1648 οἰκεῖν.
1123 1601 1193 1649 En
1231 1601 1689 1666 gloriabundum-ho-

202 1686 366 1734 minem
402 1684 622 1751 privatum
672 1695 712 1731 et
746 1681 920 1746 Rhegio
964 1680 1107 1746 patria
1142 1680 1351 1745 ejectum,
1403 1694 1510 1731 teste
1545 1683 1688 1732 Hero-

201 1765 324 1813 doto!
362 1764 417 1811 In
439 1764 671 1811 Messanae
706 1762 823 1810 enim
852 1759 1039 1826 imperio
1067 1759 1183 1825 patri
1207 1761 1416 1810 successit
1435 1762 1689 1828 Leophron,
1712 1787 1721 1792 ·

199 1845 274 1912 qui
318 1844 416 1892 vivo
460 1843 616 1892 eodem
659 1841 834 1906 Rhegio
877 1839 1125 1906 praefectus
1160 1840 1324 1889 fuerat:
1371 1840 1533 1906 Rhegii
1568 1861 1687 1901 cura,

197 1925 233 1973 si
268 1924 378 1972 fides
401 1922 641 1971 'Herodoto
676 1922 823 1989 potius
858 1939 992 1986 quam
1028 1919 1251 1979 Diodoro,
1295 1919 1562 1970 demandata
1600 1922 1684 1970 Mi-

197 2004 357 2072 cytho,
399 2003 675 2070 Leophronis
722 2014 931 2067 tanquam
975 2000 1176 2048 ministro
1228 2012 1270 2048 et
1316 2000 1517 2048 vicaria·
1570 2001 1684 2050 Leo-

196 2084 412 2150 phronem
449 2094 593 2131 autem
628 2081 743 2148 patri
778 2080 1080 2147 supervixisse,
1115 2093 1246 2144 quem
1270 2079 1519 2128 Boeckhius
1552 2099 1682 2147 prae-

115 2200 120 2207 .
194 2175 365 2212 mature
401 2162 658 2211 defunctum
695 2161 867 2219 statuit,
902 2159 1029 2208 docet
1062 2159 1305 2228 Dionysius
1341 2159 1566 2209 Halicarn.
1589 2160 1679 2209 Ex-

194 2254 343 2309 cerptt.
381 2241 526 2290 Vales.
563 2260 605 2308 p.
633 2242 746 2290 539.
789 2239 1031 2296 ῨΑναξίλας
1061 2238 1278 2299 Ῥηγίνων
1312 2237 1393 2299 τήν
1429 2238 1679 2301 ἀκρόπολιν

191 2318 452 2381 κατελάβετο
494 2323 569 2367 καὶ
612 2321 756 2368 πάντα
799 2318 882 2368 τόν
930 2324 1012 2366 τοῦ
1066 2323 1170 2379 βίου
1226 2319 1398 2380 χρόνον
1445 2317 1678 2379 κατασχόν

193 2400 425 2462 Λεόφρονι
458 2399 742 2463 (Λεώφρονι)
775 2404 836 2463 τῷ
871 2402 994 2447 παιδὶ
1025 2397 1107 2459 τήν
1142 2398 1286 2459 ἀρχήν
1319 2401 1531 2447 κατέλιπε.
1586 2402 1674 2448 Ve-

191 2502 290 2530 rum
326 2482 363 2530 is
399 2499 535 2547 quum
572 2480 793 2545 Rhegium
828 2479 1081 2546 Leophroni
1117 2479 1328 2528 traditum
1363 2479 1536 2538 scribit,
1584 2498 1676 2527 uon

191 2563 398 2610 alterutra
434 2560 544 2609 urbe
579 2560 698 2618 dicit,
734 2560 812 2608 sed
847 2578 984 2625 regno
1020 2572 1205 2626 paterno
1239 2559 1426 2626 potitum
1456 2558 1672 2607 universo.

188 2642 301 2688 Nam
349 2659 486 2707 quum
539 2639 744 2704 Rhegino
799 2653 990 2708 tyranno
1041 2640 1238 2705 subjecta
1290 2651 1401 2688 esset
1454 2638 1673 2697 Messana,

189 2721 351 2769 {actum
390 2732 466 2779 est,
502 2732 549 2767 ut
584 2719 699 2767 illius
738 2719 858 2768 urbis
893 2738 1054 2767 nomen
1085 2718 1306 2767 interdum
1338 2716 1467 2767 simul
1491 2717 1671 2767 alteram
