<?xml version="1.0" encoding="UTF-8"?>
<!DOCTYPE html PUBLIC "-//W3C//DTD XHTML 1.0 Transitional//EN"
    "http://www.w3.org/TR/xhtml1/DTD/xhtml1-transitional.dtd">
<html xmlns="http://www.w3.org/1999/xhtml" xml:lang="en" lang="en">
 <head>
  <title>
</title>
<meta http-equiv="Content-Type" content="text/html;charset=utf-8" />
  <meta name='ocr-system' content='tesseract 3.04.00' />
  <meta name='ocr-capabilities' content='ocr_page ocr_carea ocr_par ocr_line ocrx_word'/>
</head>
<body>
  <div class='ocr_page' id='page_1' title='image "./simonidisceicarm00simouoft_0130.png"; bbox 0 0 1826 3080; ppageno 0'>
   <div class='ocr_carea' id='block_1_1' title="bbox 915 78 979 162">
    <p class='ocr_par' dir='ltr' id='par_1_1' title="bbox 915 78 979 162">
     <span class='ocr_line' id='line_1_1' title="bbox 915 78 979 162; baseline 0 0"><span class='ocrx_word' id='word_1_1' title='bbox 915 78 979 162; x_wconf 68' lang='lat'>66</span> 
     </span>
    </p>
   </div>
   <div class='ocr_carea' id='block_1_2' title="bbox 206 245 1686 388">
    <p class='ocr_par' dir='ltr' id='par_1_2' title="bbox 206 245 1686 388">
     <span class='ocr_line' id='line_1_2' title="bbox 206 245 1686 316; baseline -0.001 -14"><span class='ocrx_word' id='word_1_2' title='bbox 206 257 339 304; x_wconf 82' lang='lat' dir='ltr'>Lectt.</span> <span class='ocrx_word' id='word_1_3' title='bbox 362 251 586 301; x_wconf 82' lang='lat' dir='ltr'>Stobenss.</span> <span class='ocrx_word' id='word_1_4' title='bbox 610 269 651 316; x_wconf 92' lang='lat' dir='ltr'>p.</span> <span class='ocrx_word' id='word_1_5' title='bbox 676 251 775 312; x_wconf 88' lang='lat'>50.)</span> <span class='ocrx_word' id='word_1_6' title='bbox 810 245 937 304; x_wconf 70' lang='grc' dir='ltr'><strong><em>ἄξιον</em></strong></span> <span class='ocrx_word' id='word_1_7' title='bbox 973 252 1209 309; x_wconf 78' lang='grc' dir='ltr'><strong><em>φθέγξεται</em></strong></span> <span class='ocrx_word' id='word_1_8' title='bbox 1240 250 1449 299; x_wconf 83' lang='grc' dir='ltr'><strong><em>τοιούτου</em></strong></span> <span class='ocrx_word' id='word_1_9' title='bbox 1483 252 1686 309; x_wconf 59' lang='lat' dir='ltr'>aristone,-</span> 
     </span>
     <span class='ocr_line' id='line_1_3' title="bbox 208 325 1685 388; baseline -0.001 -6"><span class='ocrx_word' id='word_1_10' title='bbox 208 338 339 382; x_wconf 86' lang='grc' dir='ltr'><strong><em>ποία</em></strong></span> <span class='ocrx_word' id='word_1_11' title='bbox 374 333 422 379; x_wconf 79' lang='grc' dir='ltr'>δὲ</span> <span class='ocrx_word' id='word_1_12' title='bbox 455 330 697 388; x_wconf 84' lang='grc' dir='ltr'><strong><em>Δύςηρις</em></strong></span> <span class='ocrx_word' id='word_1_13' title='bbox 732 325 971 386; x_wconf 72' lang='grc' dir='ltr'><strong><em>Θετταλή</em></strong></span> <span class='ocrx_word' id='word_1_14' title='bbox 1005 333 1248 376; x_wconf 83' lang='grc' dir='ltr'><strong><em>τοσοῦτο</em></strong></span> <span class='ocrx_word' id='word_1_15' title='bbox 1283 332 1498 386; x_wconf 83' lang='grc' dir='ltr'><strong><em>πένθος</em></strong></span> <span class='ocrx_word' id='word_1_16' title='bbox 1530 333 1685 380; x_wconf 74' lang='grc' dir='ltr'><strong><em>ἐπέν-</em></strong></span> 
     </span>
    </p>
   </div>
   <div class='ocr_carea' id='block_1_3' title="bbox 191 407 1690 2223">
    <p class='ocr_par' dir='ltr' id='par_1_3' title="bbox 204 407 1687 553">
     <span class='ocr_line' id='line_1_4' title="bbox 205 407 1687 473; baseline -0.001 -12"><span class='ocrx_word' id='word_1_17' title='bbox 205 422 385 473; x_wconf 68' lang='grc' dir='ltr'><strong><em>θησεν</em></strong></span> <span class='ocrx_word' id='word_1_18' title='bbox 440 410 522 457; x_wconf 80' lang='grc' dir='ltr'>ἐπ’</span> <span class='ocrx_word' id='word_1_19' title='bbox 582 407 848 468; x_wconf 78' lang='grc' dir='ltr'><strong><em>Ἀντιόχῳ</em></strong></span> <span class='ocrx_word' id='word_1_20' title='bbox 905 407 1325 467; x_wconf 81' lang='grc' dir='ltr'><strong><em>τελευτήσαντι,</em></strong></span> <span class='ocrx_word' id='word_1_21' title='bbox 1387 407 1527 458; x_wconf 81' lang='grc' dir='ltr'><strong><em>ὅσον</em></strong></span> <span class='ocrx_word' id='word_1_22' title='bbox 1585 417 1687 460; x_wconf 81' lang='grc' dir='ltr'>νῦν</span> 
     </span>
     <span class='ocr_line' id='line_1_5' title="bbox 204 485 1302 553; baseline 0.001 -19"><span class='ocrx_word' id='word_1_23' title='bbox 204 494 365 553; x_wconf 72' lang='grc' dir='ltr'><strong><em>μητρὶ</em></strong></span> <span class='ocrx_word' id='word_1_24' title='bbox 398 494 459 550; x_wconf 83' lang='grc' dir='ltr'><strong><em>τῇ</em></strong></span> <span class='ocrx_word' id='word_1_25' title='bbox 496 487 700 534; x_wconf 86' lang='grc' dir='ltr'><strong><em>τούτου</em></strong></span> <span class='ocrx_word' id='word_1_26' title='bbox 737 487 950 540; x_wconf 81' lang='grc' dir='ltr'><strong><em>πένθος</em></strong></span> <span class='ocrx_word' id='word_1_27' title='bbox 985 485 1302 546; x_wconf 85' lang='grc' dir='ltr'><strong><em>πρόκειται,·</em></strong></span> 
     </span>
    </p>

    <p class='ocr_par' dir='ltr' id='par_1_4' title="bbox 197 563 1690 1431">
     <span class='ocr_line' id='line_1_6' title="bbox 339 563 1685 636; baseline 0.001 -17"><span class='ocrx_word' id='word_1_28' title='bbox 339 569 592 636; x_wconf 84' lang='lat' dir='ltr'>Sophistam</span> <span class='ocrx_word' id='word_1_29' title='bbox 638 564 910 614; x_wconf 86' lang='lat' dir='ltr'>subobscure</span> <span class='ocrx_word' id='word_1_30' title='bbox 955 563 1023 613; x_wconf 88' lang='lat' dir='ltr'>his</span> <span class='ocrx_word' id='word_1_31' title='bbox 1068 566 1213 616; x_wconf 87' lang='lat' dir='ltr'>verbis</span> <span class='ocrx_word' id='word_1_32' title='bbox 1257 580 1437 634; x_wconf 85' lang='lat' dir='ltr'>tangere</span> <span class='ocrx_word' id='word_1_33' title='bbox 1479 569 1685 621; x_wconf 83' lang='lat' dir='ltr'><strong>threnum</strong></span> 
     </span>
     <span class='ocr_line' id='line_1_7' title="bbox 203 644 1687 716; baseline 0 -15"><span class='ocrx_word' id='word_1_34' title='bbox 203 649 481 702; x_wconf 82' lang='lat' dir='ltr'>Simonidis</span> <span class='ocrx_word' id='word_1_35' title='bbox 469 667 515 696; x_wconf 84' lang='lat' dir='ltr'>ln</span> <span class='ocrx_word' id='word_1_36' title='bbox 537 645 807 695; x_wconf 85' lang='lat' dir='ltr'><strong>Antiochum</strong></span> <span class='ocrx_word' id='word_1_37' title='bbox 825 644 1101 704; x_wconf 86' lang='lat' dir='ltr'>Thessalum,</span> <span class='ocrx_word' id='word_1_38' title='bbox 1136 647 1439 698; x_wconf 88' lang='lat' dir='ltr'>Aleuadarum</span> <span class='ocrx_word' id='word_1_39' title='bbox 1464 668 1516 699; x_wconf 87' lang='lat' dir='ltr'>ex</span> <span class='ocrx_word' id='word_1_40' title='bbox 1545 661 1687 716; x_wconf 82' lang='lat' dir='ltr'>gente,</span> 
     </span>
     <span class='ocr_line' id='line_1_8' title="bbox 201 724 1684 799; baseline -0.001 -19"><span class='ocrx_word' id='word_1_41' title='bbox 201 745 244 780; x_wconf 87' lang='lat' dir='ltr'>et</span> <span class='ocrx_word' id='word_1_42' title='bbox 284 728 505 799; x_wconf 86' lang='lat' dir='ltr'><strong>perspexit</strong></span> <span class='ocrx_word' id='word_1_43' title='bbox 546 724 749 774; x_wconf 88' lang='lat' dir='ltr'>Valesius</span> <span class='ocrx_word' id='word_1_44' title='bbox 795 735 837 772; x_wconf 87' lang='lat' dir='ltr'>et</span> <span class='ocrx_word' id='word_1_45' title='bbox 878 724 1161 774; x_wconf 82' lang='lat' dir='ltr'>manifestum</span> <span class='ocrx_word' id='word_1_46' title='bbox 1205 727 1255 775; x_wconf 83' lang='lat' dir='ltr'>fit</span> <span class='ocrx_word' id='word_1_47' title='bbox 1296 727 1456 777; x_wconf 87' lang='lat' dir='ltr'>collato</span> <span class='ocrx_word' id='word_1_48' title='bbox 1499 728 1684 779; x_wconf 73' lang='lat' dir='ltr'>Theoor.</span> 
     </span>
     <span class='ocr_line' id='line_1_9' title="bbox 205 802 1686 871; baseline 0 -14"><span class='ocrx_word' id='word_1_49' title='bbox 205 810 270 860; x_wconf 87' lang='lat' dir='ltr'>Id.</span> <span class='ocrx_word' id='word_1_50' title='bbox 300 808 424 866; x_wconf 90' lang='lat' dir='ltr'>XVI,</span> <span class='ocrx_word' id='word_1_51' title='bbox 445 806 538 864; x_wconf 68' lang='lat'>34„</span> <span class='ocrx_word' id='word_1_52' title='bbox 572 805 651 854; x_wconf 88' lang='lat' dir='ltr'>ubi</span> <span class='ocrx_word' id='word_1_53' title='bbox 686 803 952 852; x_wconf 84' lang='lat' dir='ltr'>Scholiasta:</span> <span class='ocrx_word' id='word_1_54' title='bbox 984 802 1036 852; x_wconf 85' lang='lat'>‘0</span> <span class='ocrx_word' id='word_1_55' title='bbox 1069 811 1326 868; x_wconf 80' lang='grc' dir='ltr'><strong><em>Σιμωνίδης</em></strong></span> <span class='ocrx_word' id='word_1_56' title='bbox 1358 816 1453 864; x_wconf 85' lang='grc' dir='ltr'><strong><em>τοῖς</em></strong></span> <span class='ocrx_word' id='word_1_57' title='bbox 1484 827 1686 871; x_wconf 78' lang='grc' dir='ltr'><strong><em>προειρη·</em></strong></span> 
     </span>
     <span class='ocr_line' id='line_1_10' title="bbox 201 882 1685 950; baseline 0.001 -14"><span class='ocrx_word' id='word_1_58' title='bbox 201 891 351 950; x_wconf 82' lang='grc' dir='ltr'><strong><em>μένοις</em></strong></span> <span class='ocrx_word' id='word_1_59' title='bbox 385 885 584 942; x_wconf 81' lang='grc' dir='ltr'><strong><em>ἐνδόξοις</em></strong></span> <span class='ocrx_word' id='word_1_60' title='bbox 618 882 835 944; x_wconf 72' lang='grc' dir='ltr'><strong><em>ἀνδράσιν</em></strong></span> <span class='ocrx_word' id='word_1_61' title='bbox 871 885 1063 932; x_wconf 78' lang='grc' dir='ltr'><strong><em>ἐπινίκια</em></strong></span> <span class='ocrx_word' id='word_1_62' title='bbox 1097 888 1259 946; x_wconf 78' lang='grc' dir='ltr'><strong><em>ἔγραψε</em></strong></span> <span class='ocrx_word' id='word_1_63' title='bbox 1291 891 1365 935; x_wconf 81' lang='grc' dir='ltr'>καὶ</span> <span class='ocrx_word' id='word_1_64' title='bbox 1400 889 1685 949; x_wconf 80' lang='grc' dir='ltr'><strong><em>θρήνους.</em></strong></span> 
     </span>
     <span class='ocr_line' id='line_1_11' title="bbox 201 963 1688 1034; baseline 0 -17"><span class='ocrx_word' id='word_1_65' title='bbox 201 970 259 1017; x_wconf 83' lang='lat' dir='ltr'>Et</span> <span class='ocrx_word' id='word_1_66' title='bbox 280 979 457 1034; x_wconf 82' lang='lat' dir='ltr'>postea:</span> <span class='ocrx_word' id='word_1_67' title='bbox 490 963 545 1012; x_wconf 77' lang='lat' dir='ltr'>‘O</span> <span class='ocrx_word' id='word_1_68' title='bbox 571 964 618 1010; x_wconf 84' lang='grc' dir='ltr'>δὲ</span> <span class='ocrx_word' id='word_1_69' title='bbox 639 964 870 1022; x_wconf 84' lang='grc' dir='ltr'><strong><em>Ἀντίοχος</em></strong></span> <span class='ocrx_word' id='word_1_70' title='bbox 895 963 1280 1024; x_wconf 80' lang='grc' dir='ltr'><strong><em>Ἐχεκρατίδου</em></strong></span> <span class='ocrx_word' id='word_1_71' title='bbox 1315 970 1405 1014; x_wconf 77' lang='grc' dir='ltr'>καὶ</span> <span class='ocrx_word' id='word_1_72' title='bbox 1436 968 1688 1030; x_wconf 78' lang='grc' dir='ltr'><strong><em>Δυςήρι·</em></strong></span> 
     </span>
     <span class='ocr_line' id='line_1_12' title="bbox 199 1039 1684 1107; baseline 0.003 -14"><span class='ocrx_word' id='word_1_73' title='bbox 199 1054 298 1103; x_wconf 81' lang='grc' dir='ltr'><strong><em>δος</em></strong></span> <span class='ocrx_word' id='word_1_74' title='bbox 329 1044 429 1101; x_wconf 75' lang='grc' dir='ltr'><strong><em>υἱός</em></strong></span> <span class='ocrx_word' id='word_1_75' title='bbox 461 1039 544 1104; x_wconf 80' lang='grc' dir='ltr'>ἦν,</span> <span class='ocrx_word' id='word_1_76' title='bbox 583 1041 645 1098; x_wconf 76' lang='grc' dir='ltr'><strong><em>ὥς</em></strong></span> <span class='ocrx_word' id='word_1_77' title='bbox 678 1058 788 1103; x_wconf 85' lang='grc' dir='ltr'><strong><em>φησι</em></strong></span> <span class='ocrx_word' id='word_1_78' title='bbox 821 1048 1112 1103; x_wconf 85' lang='grc' dir='ltr'><strong><em>Σιμωνίδη</em></strong></span> <span class='ocrx_word' id='word_1_79' title='bbox 1126 1065 1159 1099; x_wconf 89' lang='grc' dir='ltr'><strong><em>ς.</em></strong></span> <span class='ocrx_word' id='word_1_80' title='bbox 1202 1043 1512 1107; x_wconf 85' lang='grc' dir='ltr'><strong><em>Ἐχεκρατίδου</em></strong></span> <span class='ocrx_word' id='word_1_81' title='bbox 1547 1048 1684 1097; x_wconf 83' lang='lat' dir='ltr'>codex</span> 
     </span>
     <span class='ocr_line' id='line_1_13' title="bbox 199 1122 1690 1188; baseline 0 -11"><span class='ocrx_word' id='word_1_82' title='bbox 199 1127 339 1177; x_wconf 80' lang='lat' dir='ltr'>Paris.</span> <span class='ocrx_word' id='word_1_83' title='bbox 387 1125 454 1174; x_wconf 89' lang='lat' dir='ltr'>A:</span> <span class='ocrx_word' id='word_1_84' title='bbox 498 1123 631 1188; x_wconf 87' lang='lat' dir='ltr'>vulgo</span> <span class='ocrx_word' id='word_1_85' title='bbox 673 1122 984 1183; x_wconf 78' lang='grc' dir='ltr'><strong><em>Ἐχεκρᾶτιδος.</em></strong></span> <span class='ocrx_word' id='word_1_86' title='bbox 1049 1123 1140 1172; x_wconf 87' lang='lat' dir='ltr'>Sed</span> <span class='ocrx_word' id='word_1_87' title='bbox 1174 1124 1426 1185; x_wconf 84' lang='grc' dir='ltr'><strong><em>Δυςήριδος</em></strong></span> <span class='ocrx_word' id='word_1_88' title='bbox 1468 1138 1586 1176; x_wconf 83' lang='lat' dir='ltr'>certa</span> <span class='ocrx_word' id='word_1_89' title='bbox 1621 1140 1690 1177; x_wconf 79' lang='lat' dir='ltr'>est</span> 
     </span>
     <span class='ocr_line' id='line_1_14' title="bbox 198 1201 1686 1267; baseline -0.001 -11"><span class='ocrx_word' id='word_1_90' title='bbox 198 1206 363 1256; x_wconf 85' lang='lat' dir='ltr'>Valesii</span> <span class='ocrx_word' id='word_1_91' title='bbox 397 1202 668 1253; x_wconf 81' lang='lat' dir='ltr'>emendatio:</span> <span class='ocrx_word' id='word_1_92' title='bbox 705 1201 836 1267; x_wconf 84' lang='lat' dir='ltr'>vulgo</span> <span class='ocrx_word' id='word_1_93' title='bbox 870 1206 1095 1264; x_wconf 86' lang='grc' dir='ltr'><strong><em>Συρίδος,</em></strong></span> <span class='ocrx_word' id='word_1_94' title='bbox 1140 1203 1277 1252; x_wconf 85' lang='lat' dir='ltr'>codex</span> <span class='ocrx_word' id='word_1_95' title='bbox 1312 1204 1450 1253; x_wconf 86' lang='lat' dir='ltr'>Paris.</span> <span class='ocrx_word' id='word_1_96' title='bbox 1486 1205 1529 1254; x_wconf 96' lang='lat' dir='ltr'>A</span> <span class='ocrx_word' id='word_1_97' title='bbox 1560 1211 1686 1266; x_wconf 86' lang='grc' dir='ltr'><strong><em>Σίρι-</em></strong></span> 
     </span>
     <span class='ocr_line' id='line_1_15' title="bbox 199 1282 1682 1350; baseline 0.001 -17"><span class='ocrx_word' id='word_1_98' title='bbox 199 1290 296 1340; x_wconf 81' lang='grc' dir='ltr'><strong><em>δος;</em></strong></span> <span class='ocrx_word' id='word_1_99' title='bbox 340 1283 460 1333; x_wconf 87' lang='lat' dir='ltr'>idem</span> <span class='ocrx_word' id='word_1_100' title='bbox 494 1300 658 1331; x_wconf 89' lang='lat' dir='ltr'>nomen</span> <span class='ocrx_word' id='word_1_101' title='bbox 704 1294 768 1330; x_wconf 89' lang='lat' dir='ltr'>est</span> <span class='ocrx_word' id='word_1_102' title='bbox 801 1282 922 1348; x_wconf 87' lang='lat' dir='ltr'>apud</span> <span class='ocrx_word' id='word_1_103' title='bbox 957 1283 1280 1331; x_wconf 87' lang='lat' dir='ltr'>Anacreontem</span> <span class='ocrx_word' id='word_1_104' title='bbox 1315 1283 1467 1350; x_wconf 84' lang='lat' dir='ltr'>Epigr.</span> <span class='ocrx_word' id='word_1_105' title='bbox 1501 1286 1601 1343; x_wconf 89' lang='grc' dir='ltr'><strong>ΙΠ.;</strong></span> <span class='ocrx_word' id='word_1_106' title='bbox 1644 1306 1682 1335; x_wconf 84' lang='lat' dir='ltr'>v.</span> 
     </span>
     <span class='ocr_line' id='line_1_16' title="bbox 197 1361 911 1431; baseline -0.01 -16"><span class='ocrx_word' id='word_1_107' title='bbox 197 1367 363 1414; x_wconf 79' lang='lat' dir='ltr'>Buttm.</span> <span class='ocrx_word' id='word_1_108' title='bbox 398 1361 587 1431; x_wconf 82' lang='lat' dir='ltr'>Mythol.</span> <span class='ocrx_word' id='word_1_109' title='bbox 622 1362 685 1420; x_wconf 91' lang='lat'>11,</span> <span class='ocrx_word' id='word_1_110' title='bbox 721 1381 763 1428; x_wconf 89' lang='lat' dir='ltr'>p.</span> <span class='ocrx_word' id='word_1_111' title='bbox 798 1363 911 1411; x_wconf 79' lang='lat'>280.</span> 
     </span>
    </p>

    <p class='ocr_par' dir='ltr' id='par_1_5' title="bbox 193 1439 1684 1906">
     <span class='ocr_line' id='line_1_17' title="bbox 330 1439 1684 1500; baseline -0.001 -8"><span class='ocrx_word' id='word_1_112' title='bbox 330 1443 590 1500; x_wconf 84' lang='lat' dir='ltr'>Antiochus,</span> <span class='ocrx_word' id='word_1_113' title='bbox 626 1441 692 1488; x_wconf 88' lang='lat' dir='ltr'>vir</span> <span class='ocrx_word' id='word_1_114' title='bbox 725 1439 1041 1499; x_wconf 87' lang='lat' dir='ltr'>nobilissimus,</span> <span class='ocrx_word' id='word_1_115' title='bbox 1074 1441 1339 1500; x_wconf 82' lang='grc' dir='ltr'><strong><em>βασιλεύσας</em></strong></span> <span class='ocrx_word' id='word_1_116' title='bbox 1372 1442 1556 1490; x_wconf 79' lang='grc' dir='ltr'><strong><em>πάντων</em></strong></span> <span class='ocrx_word' id='word_1_117' title='bbox 1581 1450 1684 1492; x_wconf 82' lang='grc' dir='ltr'><strong><em>Θεσ-</em></strong></span> 
     </span>
     <span class='ocr_line' id='line_1_18' title="bbox 198 1520 1682 1589; baseline 0 -18"><span class='ocrx_word' id='word_1_118' title='bbox 198 1525 371 1580; x_wconf 78' lang='grc' dir='ltr'><strong><em>σαλῶν,</em></strong></span> <span class='ocrx_word' id='word_1_119' title='bbox 415 1534 464 1570; x_wconf 94' lang='lat' dir='ltr'>ut</span> <span class='ocrx_word' id='word_1_120' title='bbox 508 1522 569 1569; x_wconf 86' lang='lat' dir='ltr'>ait</span> <span class='ocrx_word' id='word_1_121' title='bbox 602 1520 896 1569; x_wconf 81' lang='lat' dir='ltr'>Philostratus</span> <span class='ocrx_word' id='word_1_122' title='bbox 939 1521 1052 1586; x_wconf 90' lang='lat' dir='ltr'>Epp.</span> <span class='ocrx_word' id='word_1_123' title='bbox 1099 1521 1172 1569; x_wconf 88' lang='lat'>13.</span> <span class='ocrx_word' id='word_1_124' title='bbox 1234 1521 1567 1571; x_wconf 86' lang='lat' dir='ltr'>Echecratidem</span> <span class='ocrx_word' id='word_1_125' title='bbox 1602 1542 1682 1589; x_wconf 89' lang='lat' dir='ltr'>pa-</span> 
     </span>
     <span class='ocr_line' id='line_1_19' title="bbox 195 1599 1682 1668; baseline -0.001 -16"><span class='ocrx_word' id='word_1_126' title='bbox 195 1616 332 1660; x_wconf 89' lang='lat' dir='ltr'>trem,</span> <span class='ocrx_word' id='word_1_127' title='bbox 375 1621 464 1667; x_wconf 91' lang='lat' dir='ltr'>quo</span> <span class='ocrx_word' id='word_1_128' title='bbox 510 1600 719 1648; x_wconf 87' lang='lat' dir='ltr'>vetustior</span> <span class='ocrx_word' id='word_1_129' title='bbox 761 1600 815 1648; x_wconf 85' lang='lat' dir='ltr'>sit</span> <span class='ocrx_word' id='word_1_130' title='bbox 863 1611 1036 1665; x_wconf 86' lang='lat' dir='ltr'>oportet</span> <span class='ocrx_word' id='word_1_131' title='bbox 1070 1599 1180 1648; x_wconf 88' lang='lat' dir='ltr'>alter</span> <span class='ocrx_word' id='word_1_132' title='bbox 1213 1601 1526 1650; x_wconf 87' lang='lat' dir='ltr'>Echecratidas</span> <span class='ocrx_word' id='word_1_133' title='bbox 1561 1603 1682 1668; x_wconf 89' lang='lat' dir='ltr'>apud</span> 
     </span>
     <span class='ocr_line' id='line_1_20' title="bbox 195 1676 1681 1747; baseline -0.001 -16"><span class='ocrx_word' id='word_1_134' title='bbox 195 1683 325 1731; x_wconf 87' lang='lat' dir='ltr'>Paus.</span> <span class='ocrx_word' id='word_1_135' title='bbox 362 1683 426 1738; x_wconf 88' lang='lat' dir='ltr'>X,</span> <span class='ocrx_word' id='word_1_136' title='bbox 471 1679 556 1736; x_wconf 87' lang='lat'>16,</span> <span class='ocrx_word' id='word_1_137' title='bbox 598 1678 643 1726; x_wconf 78' lang='grc'>4.</span> <span class='ocrx_word' id='word_1_138' title='bbox 691 1676 808 1738; x_wconf 76' lang='grc' dir='ltr'><strong><em>οἷιήρ</em></strong></span> <span class='ocrx_word' id='word_1_139' title='bbox 845 1686 1135 1738; x_wconf 83' lang='grc' dir='ltr'><strong><em>Λαρισσαῖος,</em></strong></span> <span class='ocrx_word' id='word_1_140' title='bbox 1185 1679 1259 1744; x_wconf 88' lang='lat' dir='ltr'>qui</span> <span class='ocrx_word' id='word_1_141' title='bbox 1296 1679 1474 1745; x_wconf 86' lang='lat' dir='ltr'>quidem</span> <span class='ocrx_word' id='word_1_142' title='bbox 1510 1681 1681 1747; x_wconf 81' lang='lat' dir='ltr'>primus</span> 
     </span>
     <span class='ocr_line' id='line_1_21' title="bbox 194 1757 1679 1824; baseline -0.001 -13"><span class='ocrx_word' id='word_1_143' title='bbox 194 1761 394 1811; x_wconf 85' lang='lat' dir='ltr'>omnium</span> <span class='ocrx_word' id='word_1_144' title='bbox 441 1771 631 1808; x_wconf 86' lang='lat' dir='ltr'>statuam</span> <span class='ocrx_word' id='word_1_145' title='bbox 679 1757 945 1806; x_wconf 85' lang='lat' dir='ltr'>dedicaverit</span> <span class='ocrx_word' id='word_1_146' title='bbox 987 1757 1199 1824; x_wconf 89' lang='lat' dir='ltr'>Delphis,</span> <span class='ocrx_word' id='word_1_147' title='bbox 1243 1758 1535 1808; x_wconf 85' lang='lat' dir='ltr'>Anacreontis</span> <span class='ocrx_word' id='word_1_148' title='bbox 1570 1760 1679 1810; x_wconf 87' lang='lat' dir='ltr'>cele-</span> 
     </span>
     <span class='ocr_line' id='line_1_22' title="bbox 193 1838 589 1906; baseline -0.013 -17"><span class='ocrx_word' id='word_1_149' title='bbox 193 1841 296 1889; x_wconf 85' lang='lat' dir='ltr'>brat</span> <span class='ocrx_word' id='word_1_150' title='bbox 329 1839 481 1906; x_wconf 85' lang='lat' dir='ltr'>Epigr.</span> <span class='ocrx_word' id='word_1_151' title='bbox 511 1838 589 1885; x_wconf 93' lang='lat' dir='ltr'>IX.</span> 
     </span>
    </p>

    <p class='ocr_par' dir='ltr' id='par_1_6' title="bbox 191 1914 1680 2223">
     <span class='ocr_line' id='line_1_23' title="bbox 261 1914 1544 1979; baseline 0.001 -13"><span class='ocrx_word' id='word_1_152' title='bbox 261 1918 366 1967; x_wconf 78' lang='grc' dir='ltr'><strong><em>Σάν</em></strong></span> <span class='ocrx_word' id='word_1_153' title='bbox 393 1936 439 1964; x_wconf 90' lang='grc' dir='ltr'><strong><em>τε</em></strong></span> <span class='ocrx_word' id='word_1_154' title='bbox 470 1915 628 1978; x_wconf 73' lang='grc' dir='ltr'><strong><em>χάριν,</em></strong></span> <span class='ocrx_word' id='word_1_155' title='bbox 664 1916 875 1973; x_wconf 85' lang='grc' dir='ltr'><strong><em>Διόνυσε,</em></strong></span> <span class='ocrx_word' id='word_1_156' title='bbox 909 1919 982 1962; x_wconf 83' lang='grc' dir='ltr'>καὶ</span> <span class='ocrx_word' id='word_1_157' title='bbox 1016 1915 1185 1975; x_wconf 72' lang='grc' dir='ltr'><strong><em>ἀγλαόν</em></strong></span> <span class='ocrx_word' id='word_1_158' title='bbox 1220 1914 1343 1966; x_wconf 67' lang='grc' dir='ltr'><strong><em>ἄστεϊ</em></strong></span> <span class='ocrx_word' id='word_1_159' title='bbox 1373 1919 1544 1979; x_wconf 82' lang='grc' dir='ltr'><strong><em>κόσμον</em></strong></span> 
     </span>
     <span class='ocr_line' id='line_1_24' title="bbox 363 1994 1422 2057; baseline 0.001 -12"><span class='ocrx_word' id='word_1_160' title='bbox 363 2001 605 2052; x_wconf 84' lang='grc' dir='ltr'><strong><em>Θεσσαλίας</em></strong></span> <span class='ocrx_word' id='word_1_161' title='bbox 637 1995 678 2055; x_wconf 85' lang='grc' dir='ltr'>μ’</span> <span class='ocrx_word' id='word_1_162' title='bbox 715 1994 896 2054; x_wconf 77' lang='grc' dir='ltr'><strong><em>ἀνέθηκ’</em></strong></span> <span class='ocrx_word' id='word_1_163' title='bbox 933 1994 1072 2056; x_wconf 82' lang='grc' dir='ltr'><strong><em>οἷρχός</em></strong></span> <span class='ocrx_word' id='word_1_164' title='bbox 1105 1994 1422 2057; x_wconf 83' lang='grc' dir='ltr'><strong><em>Έχεκρατίδας.</em></strong></span> 
     </span>
     <span class='ocr_line' id='line_1_25' title="bbox 191 2076 1680 2144; baseline 0.001 -19"><span class='ocrx_word' id='word_1_165' title='bbox 191 2077 399 2125; x_wconf 86' lang='lat' dir='ltr'>Antiochi</span> <span class='ocrx_word' id='word_1_166' title='bbox 451 2076 568 2124; x_wconf 85' lang='lat' dir='ltr'>filius</span> <span class='ocrx_word' id='word_1_167' title='bbox 622 2079 703 2122; x_wconf 84' lang='grc' dir='ltr'><strong><em>τοῦ</em></strong></span> <span class='ocrx_word' id='word_1_168' title='bbox 756 2078 995 2122; x_wconf 81' lang='grc' dir='ltr'><strong><em>Θεσσαλῶν</em></strong></span> <span class='ocrx_word' id='word_1_169' title='bbox 1049 2077 1266 2135; x_wconf 83' lang='grc' dir='ltr'><strong><em>βασιλέως</em></strong></span> <span class='ocrx_word' id='word_1_170' title='bbox 1316 2078 1459 2144; x_wconf 86' lang='lat' dir='ltr'>patria</span> <span class='ocrx_word' id='word_1_171' title='bbox 1519 2078 1680 2143; x_wconf 73' lang='lat' dir='ltr'>ejectus</span> 
     </span>
     <span class='ocr_line' id='line_1_26' title="bbox 191 2154 1193 2223; baseline -0.002 -20"><span class='ocrx_word' id='word_1_172' title='bbox 191 2155 391 2205; x_wconf 83' lang='lat' dir='ltr'>Athenas</span> <span class='ocrx_word' id='word_1_173' title='bbox 426 2156 650 2220; x_wconf 84' lang='lat' dir='ltr'>confugit,</span> <span class='ocrx_word' id='word_1_174' title='bbox 685 2176 722 2202; x_wconf 85' lang='lat' dir='ltr'>v.</span> <span class='ocrx_word' id='word_1_175' title='bbox 760 2154 962 2223; x_wconf 82' lang='lat' dir='ltr'>Thucyd.</span> <span class='ocrx_word' id='word_1_176' title='bbox 983 2155 1045 2212; x_wconf 68' lang='lat'>⁶1,</span> <span class='ocrx_word' id='word_1_177' title='bbox 1086 2156 1193 2203; x_wconf 89' lang='lat'>111.</span> 
     </span>
    </p>
   </div>
   <div class='ocr_carea' id='block_1_4' title="bbox 391 2290 1479 2342">
    <p class='ocr_par' dir='ltr' id='par_1_7' title="bbox 391 2290 1479 2342">
     <span class='ocr_line' id='line_1_27' title="bbox 391 2290 1479 2342; baseline 0.005 -5"><span class='ocrx_word' id='word_1_178' title='bbox 391 2303 517 2338; x_wconf 82' lang='lat' dir='ltr'><strong>xux.</strong></span> <span class='ocrx_word' id='word_1_179' title='bbox 587 2298 700 2338; x_wconf 84' lang='grc' dir='ltr'>ΕΙΣ</span> <span class='ocrx_word' id='word_1_180' title='bbox 739 2298 1113 2340; x_wconf 70' lang='grc' dir='ltr'><em>ΛΤΣΙΜΑΧΟΝ</em></span> <span class='ocrx_word' id='word_1_181' title='bbox 1143 2290 1479 2342; x_wconf 82' lang='lat' dir='ltr'><strong><em>&#39;EPETPIEA.</em></strong></span> 
     </span>
    </p>
   </div>
   <div class='ocr_carea' id='block_1_5' title="bbox 183 2393 1678 2772">
    <p class='ocr_par' dir='ltr' id='par_1_8' title="bbox 183 2393 1678 2772">
     <span class='ocr_line' id='line_1_28' title="bbox 325 2393 1676 2459; baseline 0.003 -19"><span class='ocrx_word' id='word_1_182' title='bbox 325 2393 650 2459; x_wconf 86' lang='lat' dir='ltr'>Harpocration</span> <span class='ocrx_word' id='word_1_183' title='bbox 692 2405 726 2440; x_wconf 69' lang='lat' dir='ltr'>v:</span> <span class='ocrx_word' id='word_1_184' title='bbox 779 2393 978 2454; x_wconf 85' lang='grc' dir='ltr'><strong><em>Ταμύναι</em></strong></span> <span class='ocrx_word' id='word_1_185' title='bbox 1024 2405 1066 2441; x_wconf 90' lang='lat' dir='ltr'>et</span> <span class='ocrx_word' id='word_1_186' title='bbox 1112 2393 1275 2441; x_wconf 87' lang='lat' dir='ltr'>omisso</span> <span class='ocrx_word' id='word_1_187' title='bbox 1320 2394 1571 2444; x_wconf 87' lang='lat' dir='ltr'>testimonio</span> <span class='ocrx_word' id='word_1_188' title='bbox 1605 2393 1676 2443; x_wconf 88' lang='lat' dir='ltr'>Si-</span> 
     </span>
     <span class='ocr_line' id='line_1_29' title="bbox 190 2471 1678 2539; baseline 0 -19"><span class='ocrx_word' id='word_1_189' title='bbox 190 2472 382 2520; x_wconf 83' lang='lat' dir='ltr'>monidis</span> <span class='ocrx_word' id='word_1_190' title='bbox 418 2471 603 2520; x_wconf 87' lang='lat' dir='ltr'>Photius</span> <span class='ocrx_word' id='word_1_191' title='bbox 639 2472 760 2521; x_wconf 85' lang='lat' dir='ltr'>Pors.</span> <span class='ocrx_word' id='word_1_192' title='bbox 797 2492 838 2539; x_wconf 94' lang='lat' dir='ltr'>p.</span> <span class='ocrx_word' id='word_1_193' title='bbox 876 2474 998 2530; x_wconf 87' lang='grc'>568,</span> <span class='ocrx_word' id='word_1_194' title='bbox 1038 2472 1110 2520; x_wconf 78' lang='grc'>14.</span> <span class='ocrx_word' id='word_1_195' title='bbox 1147 2484 1189 2521; x_wconf 89' lang='lat' dir='ltr'>et</span> <span class='ocrx_word' id='word_1_196' title='bbox 1223 2473 1412 2523; x_wconf 80' lang='lat' dir='ltr'>Suidas=</span> <span class='ocrx_word' id='word_1_197' title='bbox 1458 2475 1678 2533; x_wconf 79' lang='grc' dir='ltr'><strong><em>Αἰσχίνης</em></strong></span> 
     </span>
     <span class='ocr_line' id='line_1_30' title="bbox 186 2551 1675 2617; baseline 0.001 -20"><span class='ocrx_word' id='word_1_198' title='bbox 186 2551 295 2598; x_wconf 76' lang='grc' dir='ltr'><strong><em>κατᾰ</em></strong></span> <span class='ocrx_word' id='word_1_199' title='bbox 338 2555 659 2611; x_wconf 80' lang='grc' dir='ltr'><strong><em>Κτησιφῶντος</em></strong></span> <span class='ocrx_word' id='word_1_200' title='bbox 702 2555 760 2616; x_wconf 63' lang='grc' dir='ltr'>(ἓ.</span> <span class='ocrx_word' id='word_1_201' title='bbox 807 2553 929 2617; x_wconf 66' lang='grc'>86).</span> <span class='ocrx_word' id='word_1_202' title='bbox 980 2553 1109 2609; x_wconf 86' lang='grc' dir='ltr'><strong><em>πόλις</em></strong></span> <span class='ocrx_word' id='word_1_203' title='bbox 1149 2556 1269 2601; x_wconf 74' lang='grc' dir='ltr'><strong><em>ἐστὶν</em></strong></span> <span class='ocrx_word' id='word_1_204' title='bbox 1313 2556 1363 2601; x_wconf 80' lang='grc' dir='ltr'><strong><em>ἐν</em></strong></span> <span class='ocrx_word' id='word_1_205' title='bbox 1404 2551 1583 2614; x_wconf 73' lang='grc' dir='ltr'><strong><em>Εὐβοίᾳ</em></strong></span> <span class='ocrx_word' id='word_1_206' title='bbox 1625 2554 1675 2599; x_wconf 76' lang='grc' dir='ltr'><strong><em>ἐν</em></strong></span> 
     </span>
     <span class='ocr_line' id='line_1_31' title="bbox 186 2629 1674 2692; baseline 0.001 -16"><span class='ocrx_word' id='word_1_207' title='bbox 186 2635 236 2691; x_wconf 86' lang='grc' dir='ltr'><strong><em>τῇ</em></strong></span> <span class='ocrx_word' id='word_1_208' title='bbox 285 2631 409 2692; x_wconf 76' lang='grc' dir='ltr'><strong><em>χώρᾳ</em></strong></span> <span class='ocrx_word' id='word_1_209' title='bbox 452 2635 502 2691; x_wconf 81' lang='grc' dir='ltr'><strong><em>τῇ</em></strong></span> <span class='ocrx_word' id='word_1_210' title='bbox 554 2630 813 2690; x_wconf 82' lang='grc' dir='ltr'><strong><em>Ἐρετριέων</em></strong></span> <span class='ocrx_word' id='word_1_211' title='bbox 861 2636 910 2679; x_wconf 85' lang='grc' dir='ltr'>αἱ</span> <span class='ocrx_word' id='word_1_212' title='bbox 956 2633 1176 2691; x_wconf 83' lang='grc' dir='ltr'><strong><em>Ταμύναι,</em></strong></span> <span class='ocrx_word' id='word_1_213' title='bbox 1226 2636 1366 2680; x_wconf 77' lang='grc' dir='ltr'><strong><em>ἔνθα</em></strong></span> <span class='ocrx_word' id='word_1_214' title='bbox 1398 2634 1484 2679; x_wconf 78' lang='grc' dir='ltr'>καὶ</span> <span class='ocrx_word' id='word_1_215' title='bbox 1518 2629 1674 2691; x_wconf 78' lang='grc' dir='ltr'><strong><em>ἱερόν</em></strong></span> 
     </span>
     <span class='ocr_line' id='line_1_32' title="bbox 183 2709 1672 2772; baseline 0.001 -16"><span class='ocrx_word' id='word_1_216' title='bbox 183 2709 490 2766; x_wconf 63' lang='grc' dir='ltr'><strong><em>Ἀπόλλωνος,</em></strong></span> <span class='ocrx_word' id='word_1_217' title='bbox 538 2710 599 2766; x_wconf 70' lang='grc' dir='ltr'><strong><em>ὥς</em></strong></span> <span class='ocrx_word' id='word_1_218' title='bbox 635 2716 685 2757; x_wconf 80' lang='grc' dir='ltr'>οἴ</span> <span class='ocrx_word' id='word_1_219' title='bbox 712 2731 753 2760; x_wconf 87' lang='grc' dir='ltr'><strong><em>τε</em></strong></span> <span class='ocrx_word' id='word_1_220' title='bbox 788 2710 840 2759; x_wconf 80' lang='grc' dir='ltr'><strong><em>τοὶ</em></strong></span> <span class='ocrx_word' id='word_1_221' title='bbox 875 2710 1083 2770; x_wconf 72' lang='grc' dir='ltr'><strong><em>Εὐβοϊκᾰ</em></strong></span> <span class='ocrx_word' id='word_1_222' title='bbox 1117 2713 1363 2772; x_wconf 79' lang='grc' dir='ltr'><strong><em>γράψαντες</em></strong></span> <span class='ocrx_word' id='word_1_223' title='bbox 1396 2714 1672 2771; x_wconf 81' lang='grc' dir='ltr'><strong><em>μαρτυροῦσι</em></strong></span> 
     </span>
    </p>
   </div>
  </div>
 </body>
</html>
