1826 3080
903 103 971 152 42

303 238 439 304 Quod
474 239 554 288 tibi
590 240 625 287 si
662 239 799 287 sancti
836 240 1098 288 concesserit
1130 238 1274 287 incola
1309 239 1437 298 ltoni‚
1492 275 1501 279 -

303 320 431 384 Quae
465 331 664 368 nostrum
700 338 840 384 genus
875 336 926 366 ac
959 318 1085 367 sedes
1118 317 1355 367 defendere
1388 318 1621 375 Erechthei

301 399 491 457 Annuit,
526 411 574 447 ut
611 399 723 447 tauri
759 416 989 465 respergas
1023 398 1240 463 sanguine
1272 397 1487 457 dextram,
1531 405 1541 435 ἔ

297 481 412 528 Tum
449 498 552 528 vero
586 478 718 527 facito
753 490 803 526 ut
835 478 1022 527 memori
1056 478 1136 526 tibi
1171 477 1347 527 condita
1383 476 1519 527 corde

299 562 418 607 Haec
452 559 628 622 vigeant
661 558 872 607 mandata
905 578 986 607 nec
1019 558 1108 607 ulla
1143 557 1345 607 obliteret
1379 569 1512 616 aetas,

301 642 357 686 Ut
391 638 522 687 simul
558 656 608 686 ac
642 650 818 686 nostros
852 632 1040 687 invisent
1071 637 1237 686 lumina
1275 636 1412 695 collis,

297 721 533 768 Funestam
569 730 785 767 antennae
819 717 1045 785 deponant
1081 717 1278 783 undique
1313 728 1475 766 vestem

296 799 586 864 Candidaque
621 798 771 847 intorti
806 797 1037 847 sustollant
1070 797 1164 846 vela
1198 796 1418 846 rudentes.

128 893 192 940 30
331 881 526 927 Domum
562 879 749 927 tendunt
784 889 882 945 post
910 876 1048 925 multa
1078 876 1333 926 discrimina
1354 893 1527 931 rerum:
1563 873 1677 923 Plut.

193 961 321 1008 Thes.
366 960 507 1007 XXII.
575 962 638 1019 Τῇ
686 960 734 1005 δὲ
777 959 949 1019 Ἀττικῇ
994 958 1376 1018 προςφερομένων
1410 956 1680 1003 ἐκλαθέσθαι

140 1049 151 1057 '
191 1043 272 1099 μὲν
307 1038 461 1095 αὐτόν,
499 1040 770 1086 ἐκλαθέσθαι
803 1040 852 1085 δὲ
884 1040 958 1084 καὶ
988 1034 1069 1083 τόν
1101 1033 1378 1096 κυβερνήτην
1413 1032 1513 1083 ὑπὸ
1534 1037 1680 1094 χαρᾶς

191 1115 443 1181 ἑατᾴρασθαι
479 1117 530 1166 vo*
565 1123 730 1175 ἱστίον,
778 1115 812 1181 ᾧ
848 1115 930 1176 τήν
964 1121 1185 1177 σωτηρίαν
1218 1115 1372 1163 αὐτῶν
1404 1117 1492 1162 ἔδει
1522 1113 1677 1173 γνώρι-

191 1219 278 1258 μον
312 1202 373 1261 τῷ
394 1199 525 1257 Αἰγεῖ
557 1199 783 1257 γενέσθαι,
821 1195 901 1243 τόν
935 1198 983 1242 δὲ
1018 1195 1275 1256 ἀπογνόντα
1311 1197 1438 1255 ῥῖψαί
1458 1191 1569 1241 κατα
1599 1197 1678 1251 τῆς

192 1282 354 1339 πέτρας
389 1277 551 1324 ἑαυτόν
585 1280 658 1323 καὶ
691 1281 1020 1337 διαφθαρῆναι.
1057 1274 1360 1329 καταπλεύσας
1384 1274 1433 1320 δὲ
1457 1271 1483 1320 ὁ
1506 1270 1678 1333 Θησειῖς

191 1363 297 1405 ἔθυε
344 1359 424 1416 μὲν
469 1355 604 1412 αὐτός
649 1356 703 1411 ἃς
744 1358 943 1402 ἐκπλέων
989 1360 1154 1410 θυσίας
1192 1351 1359 1414 ηὔξατο
1407 1359 1503 1408 τοῖς
1553 1359 1679 1406 θεοῖς

193 1445 414 1499 φαληροῐ,
461 1436 678 1496 κήρυκα
723 1436 780 1481 δὲ
814 1433 1109 1482 ἀπέστειλε
1150 1438 1246 1493 τῆς
1281 1435 1555 1493 σωτηρίας
1587 1429 1691 1490 ἄν]

191 1526 360 1577 γελον
395 1520 472 1570 είς
505 1513 658 1563 ἄστυ.
731 1515 1007 1565 Caduceator
1040 1514 1202 1580 reperit
1234 1513 1406 1578 Aegea,
1442 1511 1519 1578 qui

357 1596 647 1661 Praecipitem
683 1614 777 1644 sese
810 1594 1095 1661 scopulorum
1130 1613 1153 1642 e
1187 1593 1350 1641 vortice
1376 1591 1495 1657 jecit.

193 1681 241 1725 ln
277 1675 535 1724 Simonideo
583 1675 776 1723 carmine
819 1673 1045 1740 quomodo
1091 1673 1198 1721 haec
1244 1671 1457 1719 adornata
1499 1669 1675 1724 fuerim,

190 1757 436 1822 colligimus
470 1774 523 1803 ex
558 1754 804 1816 Scholiasta
839 1754 976 1821 Soph.
1006 1753 1128 1819 Ajac.
1165 1755 1277 1801 727.
1313 1750 1414 1815 (ubi
1447 1760 1533 1798 est:

405 1839 449 1882 τί
480 1834 516 1881 δ’
551 1837 642 1881 ἐστὶ
674 1839 824 1896 χρείας
856 1833 971 1894 τῆςδ’
1008 1832 1452 1892 ὑπεσπανισμένονς)

195 1921 277 1965 Καὶ
332 1919 381 1963 ἐν
428 1919 660 1975 Σιμωνίδῃ
717 1917 806 1961 ἐπὶ
857 1917 959 1961 τοῦ
1015 1911 1156 1974 πρὸς
1207 1912 1380 1970 Αἰγέα
1435 1908 1674 1967 ἀγγέλου

191 1998 575 2056 πεμφθέντος·

525 2073 700 2136 Βιότῳ
736 2076 797 2120 κε’
835 2087 892 2120 σε
926 2077 1137 2131 μᾶλλον
1172 2068 1349 2117 ὅνασα

325 2154 600 2215 πρότερος
634 2152 828 2200 ἐλθών.

321 2351 385 2359 -—-
443 2358 510 2364 --

321 2367 503 2457 Legitur
534 2390 671 2450 βιότω
708 2394 782 2437 καί
816 2402 863 2435 σε
896 2390 1068 2446 μᾶλλον
1102 2382 1253 2432 ὥνασα
1272 2402 1347 2445 πρ.
1371 2386 1406 2430 ἑ.
1451 2383 1671 2431 Human-

190 2495 270 2522 nus
306 2473 363 2521 ad
399 2472 536 2538 Soph.
563 2470 634 2535 Aj.
654 2469 679 2517 l.
707 2489 763 2518 σε
796 2467 953 2528 βιότου
986 2468 1036 2513 κέ
1072 2479 1118 2513 σε
1153 2468 1323 2524 μᾶλλον
1357 2459 1521 2518 &vam
1547 2458 1670 2526 quod

187 2555 338 2602 vellem
376 2551 617 2600 addidisset
653 2547 879 2614 quomodo
920 2544 1185 2595 intellectum
1220 2542 1332 2592 velit.
1408 2541 1504 2589 Nos
1532 2537 1668 2600 βιότῳ

190 2654 289 2681 cum
313 2633 500 2683 ‚Ursino
545 2629 770 2686 dedimus,
821 2625 962 2674 ὅνασα
1003 2624 1131 2673 metri
1175 2622 1318 2688 gratia
1362 2617 1663 2688 reponendum

190 2716 279 2764 rati.
320 2713 416 2760 Hoc
437 2710 542 2759 dicit
561 2708 766 2757 nuntius:
809 2706 921 2755 Vita
948 2706 1050 2767 (nos
1075 2722 1157 2750 um
1184 2701 1276 2750 das
1301 2701 1483 2764 Leben)
1502 2701 1669 2761 magis
