1826 3080
915 115 981 162 50

423 305 589 340 xxx1x.
657 293 942 339 ’AAHAOLK
977 291 1073 340 ἘΚ
1102 272 1460 342 ΚΑΤΕΥΧΩΜ
1497 278 1501 282 ’
1526 351 1528 353 ,

343 404 504 453 Scholl.
558 406 736 453 Homer.
789 404 953 473 Odyss.
1001 406 1058 463 Z,
1120 406 1229 456 164.
1291 406 1391 468 (ubi
1437 406 1683 458 Mudaus:

201 479 376 530 ἶΗλθον
398 482 482 552 γαρ
503 487 575 530 καὶ
600 492 728 540 κεῖσε,
764 481 906 538 πολΰς
937 485 988 530 δέ
1017 503 1094 543 μοι
1126 487 1281 533 ἕσπετο
1307 483 1418 540 λαός
1440 483 1535 546 Τήν
1561 484 1686 542 ὁδὸν,

209 560 236 622 ᾗ
274 561 327 621 δή
364 565 540 622 ἔμελλεν
574 564 671 622 ἐμοὶ
704 561 817 610 κακοὶ
849 561 966 622 κήδε’
1001 564 1212 628 ἔσεσθαι.)
1270 566 1408 624 Akron,
1441 564 1478 611 δ’
1513 561 1572 612 ἂν
1607 582 1687 613 πο-

210 642 294 688 λύν
330 640 439 688 λαὸν
476 641 532 688 οὐ
567 640 648 688 τόν
683 646 799 688 ἴδιον
833 642 1008 699 στόλον,
1049 641 1162 690 ἄλλα
1195 642 1276 690 τόν
1309 642 1590 704 “Ελληνωιᾶν,
1625 641 1688 691 ὅτ’

212 720 526 780 ἀφηγούμενος
560 725 622 776 εἰς
654 724 811 780 Δῆλον
842 716 956 780 ἦλθε
990 723 1223 778 Μενέλαος
1265 720 1350 770 σῦν
1382 722 1585 772 Ὀδυσσεῖ
1615 725 1689 770 ἐπὶ

212 799 288 853 τοὶς
322 802 477 847 Ἀνίου
510 802 769 861 θυγατέρας,
807 805 854 847 αἳ
883 804 963 859 καὶ,
973 800 1244 860 Οἰνότροποι
1277 803 1543 850 ἐκαλοῦντο.
1577 800 1607 861 ἦ
1630 804 1688 848 δὲ

214 884 430 939 ἱστορία
465 882 556 926 καὶ
590 877 734 939 παρα
767 884 1058 940 Σιμωνίδῃ
1094 882 1154 926 ἐν
1188 887 1314 935 ταῖς
1345 886 1671 940 κατευχαῖς.-

344 959 538 1027 Hymnis
559 958 668 1007 haec
685 958 954 1007 accensenda
972 958 1278 1023 judicavimus,
1298 960 1510 1024 quoniam
1529 960 1691 1008 Gram-

212 1039 358 1086 matici
392 1038 662 1106 hymnorum
697 1037 811 1085 hanc
854 1038 1045 1086 inierunt
1088 1036 1425 1104 descriptionem
1441 1077 1453 1096 ‚
1501 1051 1551 1087 ut
1583 1039 1691 1087 alios

213 1114 463 1173 εύκτικούς,
511 1114 804 1171 ἀπευκτικοῦς
844 1127 1050 1164 vocarent
1093 1115 1212 1165 alios.
1301 1118 1359 1166 Et
1401 1117 1465 1166 illi
1512 1118 1690 1184 quidem

214 1196 359 1243 ordini
385 1195 626 1244 Simonidis
660 1192 874 1254 κατευχάς
907 1194 1200 1253 attribuimus,
1233 1215 1271 1243 v.
1297 1196 1545 1246 Menander
1563 1197 1690 1246 Rhet.

217 1275 250 1331 l,
287 1279 329 1322 2.
366 1293 408 1340 p.
429 1275 508 1323 31.
544 1275 729 1322 Heeren.
764 1273 1039 1320 Εὕκτίκοὶ
1072 1275 1120 1320 δὲ
1156 1279 1202 1320 οἱ
1232 1273 1369 1335 ψιλήν
1403 1273 1542 1335 εὐχήν
1571 1278 1693 1334 ἔχον-

215 1372 282 1408 τες
315 1351 423 1399 ἄνευ
457 1356 548 1399 τῶν
583 1349 732 1398 ἄλλων
766 1355 934 1412 μερῶν,
972 1349 1036 1399 ὧν
1070 1357 1276 1411 εἴπομεν,
1324 1357 1397 1400 καὶ
1439 1352 1695 1402 cimona„

216 1436 303 1479 κοὶ
349 1437 394 1478 οἱ
434 1430 488 1478 τοὶ
531 1434 708 1478 ἐναντία
757 1429 1053 1490 (ἐπευχόμενοι
1094 1435 1244 1487 ψιλῶς.
1331 1420 1520 1482 Videtur
1560 1433 1696 1499 igitur

215 1524 341 1578 poeta
377 1523 580 1578 precatus
615 1530 707 1560 esse
742 1510 1043 1576 Oenotropos‚
1091 1511 1194 1558 Anii
1238 1511 1353 1576 regis
1396 1524 1437 1560 et
1469 1513 1695 1578 Dorippae

214 1592 325 1639 filias
361 1591 527 1658 (Etym.
556 1592 618 1638 M.
653 1610 689 1637 v.
714 1591 971 1648 Δωρίππη),
1007 1588 1149 1646 Oeno,
1184 1589 1371 1655 Spermo
1404 1604 1447 1640 et
1481 1591 1695 1647 Elaidem‚

215 1688 439 1734 »quarum
474 1680 593 1716 tactu
629 1666 683 1714 ln
716 1678 905 1731 segetem
941 1666 1174 1732 laticesque
1209 1671 1318 1717 meri
1341 1668 1585 1737 bacamque
1607 1672 1693 1719 Mi-

216 1767 373 1796 nervae
398 1746 887 1795 Transformabantur«
920 1745 1073 1810 (Ovid.
1093 1747 1197 1794 Met.
1216 1748 1349 1806 XIII,
1372 1750 1505 1810 653.)
1534 1751 1695 1805 omnia,

216 1841 263 1876 ut
299 1828 415 1894 vini„
435 1827 644 1875 frumenti
679 1825 849 1891 oleique
883 1825 1057 1891 copiam
1089 1825 1452 1890 gratificarentur,
1486 1841 1694 1894 quamam

217 1907 537 1971 suggessissent
570 1906 674 1954 olim
712 1904 892 1953 Graecis
928 1905 1111 1969 Trojam
1146 1905 1378 1956 obsidione
1413 1907 1629 1956 cinctutis.

352 1985 603 2034 Simonides
646 2003 745 2033 cum
782 1985 977 2032 Homero
1011 1983 1263 2033 Menelaum
1298 1997 1339 2034 et
1372 1985 1545 2036 Ulixem
1580 1988 1694 2035 Tro-

218 2068 304 2130 jam
342 2065 615 2131 profecturos
649 2063 696 2111 in
730 2062 873 2111 insula
916 2063 1111 2112 fecerunt
1145 2063 1382 2130 appellere,
1429 2085 1464 2112 v.
1509 2065 1697 2115 aliorum

217 2146 489 2193 narrationes
541 2143 661 2210 apud
707 2142 977 2191 Nitzschium
1025 2143 1068 2192 in
1119 2143 1249 2191 Hom.
1298 2143 1463 2212 Odyss.
1509 2144 1534 2192 Ι.
1579 2164 1612 2192 c.
1656 2156 1697 2192 et

218 2224 483 2273 Meinekium
519 2223 564 2272 in
601 2222 898 2289 Euphorionis
933 2222 1097 2270 Anium
1135 2241 1175 2288 p.
1215 2224 1290 2271 26.

890 2391 1016 2438 VII.

711 2498 1202 2540 ΠΛΙΑΝΕΣ.

341 2618 476 2665 “Eva
509 2618 591 2675 μὲν
625 2616 962 2675 χρυσαλακάτου
1000 2619 1177 2670 Λατοῦς
1210 2618 1371 2663 τεκέων
1405 2613 1550 2663 ἀοιδαὶ

356 2695 483 2765 ὥριαι·
516 2694 753 2752 παιάνιδες,
