1826 3080
897 141 997 188 208

224 278 447 344 periclitati
483 289 638 333 essent,
674 294 820 324 verum
857 275 1049 340 repperit
1082 274 1283 342 Heynius
1317 275 1360 322 in
1384 274 1688 324 Commentatt.

222 359 318 406 Soc.
355 358 461 421 Reg.
499 355 694 419 Gotting.
730 357 795 410 Χ,
826 372 870 419 ρ.
910 353 1019 401 105.
1075 353 1213 401 Nunn‘
1245 371 1345 401 cum
1381 370 1517 419 capro
1549 364 1691 406 stante

222 436 286 485 vel
323 448 520 485 currente
556 452 653 482 cum
690 444 793 480 nota
831 439 984 479 ΠΑΡΙ
1013 443 1114 480 sunt
1147 431 1268 498 apud
1293 431 1479 480 Pelei-in.
1498 431 1688 482 Recueil.

219 516 345 563 Tom.
382 514 477 571 111,
513 512 623 560 Tab.
660 512 776 560 CVI.
810 530 875 561 nr.
910 510 954 559 4.
992 506 1035 559 5.
1074 512 1115 559 6.
1185 510 1313 574 Quos
1347 522 1396 559 ut
1428 521 1543 559 recte
1575 508 1688 559 Eck-

220 593 301 641 hel.
336 594 390 639 D.
425 593 478 638 N.
516 591 586 647 ΙΙ,
619 609 663 656 p.
699 590 810 638 459.
857 601 899 638 et
932 589 1144 638 Sesfinius
1180 589 1240 638 ad
1271 590 1485 639 Parianus
1517 588 1690 657 Mysiae

219 673 432 738 pertinere
476 669 673 719 arbitrati
714 669 803 716 sint
834 698 902 706 -
936 668 1139 718 videntur
1184 681 1329 717 autem
1362 668 1483 717 illam
1516 679 1690 726 senten-

219 751 324 797 tiam
369 748 638 814 argumentis
681 767 771 796 non
821 749 925 796 satis
970 748 1206 797 munivisse
1247 773 1339 798 —2
1390 747 1454 796 illi
1504 759 1691 796 mairem

218 831 380 877 Parum
415 828 664 876 Thasumve
699 827 848 875 sectati
882 826 1158 875 videbuntur.
1297 830 1342 876 3.
1378 811 1568 886 §undrim
1600 827 1689 876 Ur-

219 910 352 957 sinus.
431 909 475 955 4.
509 906 789 965 Ἀρκεσίλαος
812 906 941 954 idem.
977 906 1091 954 Vide
1113 906 1300 955 Praefat.
1324 906 1499 973 Epigrr.
1516 923 1560 972 p.
1580 904 1686 954 143.

868 1051 1021 1087 CCXVL

352 1147 692 1202 Σιμωνίδου·

251 1220 375 1282 Κρής
394 1220 576 1268 ’Ἄλκων
598 1228 658 1268 Δι
670 1220 840 1286 [δυμεῐ]
867 1225 1022 1283 Φοίβῳ
1050 1223 1212 1280 στέφος
1228 1218 1392 1279 Ἴσθμι’
1415 1217 1531 1266 ἑλὼν
1551 1217 1655 1274 κύει

218 1302 397 1366 Legitur
429 1301 543 1348 inter
565 1299 898 1366 Epigrammata
933 1299 1208 1348 miscellanea
1242 1310 1451 1364 quattuor
1481 1297 1692 1346 foliorum

218 1381 356 1430 codici
374 1379 575 1428 Palatino
602 1378 997 1444 agglutinatorum:
1031 1378 1170 1427 edidit
1194 1377 1444 1427 Huschkius
1470 1378 1517 1426 im
1542 1375 1688 1427 Aaou.

219 1462 338 1509 Critt.
374 1480 415 1527 p.
456 1460 562 1507 198.
631 1458 956 1524 suppleverunt
997 1458 1236 1527 Διδύμοις,
1286 1457 1523 1507 maluimus
1555 1459 1690 1504 Διδυ-

217 1548 295 1599 μεῖ.
375 1539 758 1605 supervacaneum
810 1550 873 1586 est
923 1538 1039 1585 enim
1090 1550 1131 1586 et
1179 1550 1270 1586 non
1327 1537 1534 1586 usitatum
1580 1534 1688 1583 addi

218 1618 578 1683 significationem
612 1616 717 1674 loci,
752 1616 829 1664 ubi
865 1617 1031 1665 donum
1067 1636 1328 1683 suspensum
1363 1617 1430 1665 sit.
1476 1613 1687 1683 Didymei

218 1710 359 1746 antem
399 1697 574 1748 nomine
605 1695 766 1761 Apollo
802 1715 891 1744 non
927 1715 1016 1744 uno
1050 1695 1147 1743 loco
1183 1695 1428 1755 colebatur.

869 1843 1040 1879 CCXVH.

349 1933 535 2000 Trypho
565 1934 664 1992 περὶ
684 1930 868 1992 τρόπων
892 1933 937 1979 in
960 1933 1116 1980 Museo
1146 1930 1301 1979 Philol.
1323 1930 1523 1979 Britann.
1542 1930 1687 1988 183³,

216 2018 269 2063 V.
303 2033 345 2080 p.
381 2012 491 2061 434.
529 2024 569 2060 et
603 2012 649 2059 in
684 2010 965 2059 Boissonadii
999 2011 1199 2060 Anecdd.
1233 2011 1334 2060 Grr.
1370 2008 1468 2067 III,
1499 2027 1542 2075 p.
1573 2007 1688 2058 274.

223 2101 354 2141 Ενιοι
397 2095 470 2138 καὶ
511 2093 559 2137 ἐν
605 2096 842 2149 συλλαβαῖς
885 2089 1112 2151 ὑπερβατοὶ
1158 2090 1474 2150 πεποιήκασιν,
1522 2086 1583 2144 ὥς
1614 2089 1688 2135 καὶ

218 2175 530 2230 Σιμωνίδης
563 2172 612 2215 ἐν
646 2170 987 2229 ἐπυγρᾶμμασιν·

281 2249 447 2307 Ἑρμῆν
481 2248 598 2295 τόνδ’
636 2248 778 2307 ἀνέθη
814 2248 1091 2308 Δημήτριος,
1130 2246 1263 2306 ὄρθια
1299 2248 1335 2294 δ’
1370 2246 1503 2306 0624--

384 2330 431 2373 ἐν
468 2328 730 2386 προθύροις,

219 2408 313 2454 ἀντὶ
346 2411 429 2453 τοῦ
464 2406 548 2453 οὐκ
586 2405 718 2466 ὄρθια
753 2410 811 2453 δέ.

353 2487 615 2553 inscriptum
651 2487 840 2533 Hermae
869 2504 892 2531 a
930 2485 1176 2542 Demetrio,
1212 2502 1341 2550 quem
1374 2482 1683 2532 Atheniensem

215 2569 346 2615 fuisse
385 2566 697 2614 consectarium
736 2578 820 2620 est,
856 2565 898 2611 in
937 2564 1147 2613 vestibulo
1184 2563 1336 2628 posito.

351 2650 484 2693 Versu
518 2648 554 2692 1.
593 2644 781 2700 (ἐνέθηκε
819 2643 1062 2706 legebatur:
1101 2662 1188 2690 non
1217 2642 1447 2689 videbatur
1479 2637 1526 2686 id
1560 2637 1686 2684 aliter

216 2725 353 2771 versui
389 2725 524 2789 aptari
563 2742 688 2788 posse
725 2743 772 2770 ac
810 2724 1011 2773 lecimus.
1061 2739 1313 2786 quanquam
1350 2734 1556 2768 numerus
1592 2717 1681 2763 sin-
