1826 3080
928 144 1025 192 150

909 325 937 353 ⁴⁸
952 336 1052 374 CLV.

372 441 504 489 Anth.
541 439 631 487 Pal.
668 438 783 496 Vll,
819 439 930 487 301.
994 442 1344 498 Σιμωνίδου·
1378 445 1441 498 εἰς
1470 438 1715 501 τούς-’μετά

236 524 469 579 Λεωνίδην
502 516 582 565 τόν
618 517 905 579 Σπαρτιάτην
938 517 1294 578 τελευτήσαντας

305 599 507 654 Εὐκλέας
541 600 616 645 αἶα
650 601 857 656 κέκευθε,
895 602 1123 655 Λεωνίδα,
1161 603 1207 644 οἳ
1237 596 1343 658 μετοέ
1377 606 1468 647 σεῖο

403 678 495 739 τῇδ’
532 681 722 735 ἔθανον,
761 678 976 740 Σπάρτης
1009 677 1264 739 εὐρυχόρου
1298 682 1530 738 βασιλεῦ,4·

306 763 523 804 πλείστων
563 756 618 817 δή
651 756 797 815 τόξων
830 777 876 805 τε
909 760 983 806 καὶ
1016 757 1269 806 ὠκυπόδων
1303 760 1468 815 σθένος
1497 761 1650 806 ἵππων

406 842 621 897 Μηδείων
657 837 839 899 ἀνδρῶν
873 838 1101 898 δεξάμενοι
1134 840 1325 902 πολέμῳ.

369 919 511 966 Versu
549 918 591 965 1.
638 916 817 965 Εὕκλεοέ
857 925 959 978 γαῖα
1000 918 1093 966 Pal.
1141 930 1248 968 teste
1281 917 1560 967 Paulssenio:
1601 929 1716 966 recte

233 995 468 1046 Planudes.
538 998 607 1045 De
651 997 795 1046 forma
837 997 1020 1054 εὐκλέας
1059 1019 1097 1048 v.
1143 999 1289 1065 lntpp.
1336 998 1384 1046 in
1428 995 1566 1064 Soph.
1601 995 1715 1046 Oed.

233 1076 343 1140 Reg.
383 1077 491 1124 161.
615 1082 660 1125 2.
696 1079 911 1140 Σπάρτης
945 1079 1037 1127 Pal.
1048 1117 1060 1136 ‚
1096 1078 1312 1139 Σπάρτας
1343 1075 1714 1144 pleraequeedd.

233 1155 498 1205 Planudeae.
553 1158 671 1206 Tum
705 1164 899 1218 βασιλεῖς
929 1158 1043 1217 Pal„
1077 1162 1258 1218 βασιλεῦ
1291 1156 1418 1205 Plan.
1554 1155 1600 1204 4.
1637 1156 1714 1206 In-

237 1248 402 1300 [egram
441 1238 734 1303 expressimus
769 1237 959 1287 Palatini
1001 1238 1290 1304 scripturam:
1333 1236 1458 1285 Plan.
1502 1239 1716 1295 Μηδείων

187 1353 192 1357 .
234 1316 405 1376 (Ursini
452 1318 665 1384 scriptum
714 1318 937 1385 exemplar
986 1318 1180 1382 μυρίων)
1227 1316 1280 1375 τ’,
1325 1315 1508 1376 ἀνδρῶν
1557 1319 1594 1362 δ.
1639 1315 1717 1362 πό-

233 1401 288 1440 λε
298 1414 413 1454 μου.
487 1397 629 1460 Quasi
665 1416 767 1445 vero
801 1393 947 1454 τόξων
981 1409 1024 1446 et
1058 1401 1210 1444 ἳππων
1245 1397 1408 1450 σθένος
1439 1395 1536 1443 sine
1567 1394 1715 1443 Medis

231 1475 333 1524 viris
369 1476 565 1543 excipere
601 1477 856 1544 potuissent.
940 1478 1043 1526 Non
1074 1475 1232 1525 melius
1266 1475 1493 1525 Iacobsius
1528 1473 1715 1524 conflata

231 1555 323 1603 Pal.
369 1568 410 1604 et
455 1556 579 1604 Plan.
630 1557 847 1623 scriptura
891 1575 991 1605 cum
1027 1555 1254 1604 Brunckio
1299 1554 1457 1604 edidit:
1501 1556 1719 1624 ΙΙῙηθείωῃ4

232 1633 273 1678 τ’
311 1633 490 1695 ἀνδρῶν
526 1640 562 1683 δ.
600 1638 805 1699 πολέμῳ.

889 1775 916 1804 ¹*
936 1787 1054 1823 cm

365 1872 553 1923 Stobaei'
582 1875 761 1942 Eclogg.
796 1877 931 1946 Phys.
969 1877 1014 1935 I,
1051 1879 1109 1933 9,
1149 1877 1221 1925 15.
1283 1876 1469 1925 Heeren.

302 1954 397 2001 Οὐκ
432 1958 551 2002 ἔστιν
583 1961 744 2015 μείζων
776 1956 975 2017 βάσανος
1007 1955 1180 2017 χρόνου
1215 1953 1404 2010 οὐδενός
1435 1956 1584 2015 ἔργον,

402 2034 453 2089 ὃς
485 2038 558 2082 καὶ
590 2034 686 2083 ὑπό
722 2030 921 2096 στέρνοις
953 2033 1121 2096 ἀνδρός
1154 2038 1287 2092 ἔδειξε
1319 2033 1464 2082 νόον,

230 2111 450 2162 Simonidi
488 2114 596 2164 haec
631 2116 786 2165 tribuit
819 2116 1010 2164 Ursinus
1045 2113 1146 2164 clim
1181 2114 1296 2164 libro
1331 2113 1460 2172 MS.,
1508 2113 1586 2181 qui
1619 2119 1713 2161 Σι-

229 2195 500 2249 μωνίδου·
549 2197 597 2241 ἐκ
643 2199 736 2243 τῶν
782 2194 1147 2256 Ἐπυγραμμοὶτων
1190 2193 1462 2262 adscriptum
1509 2192 1711 2243 habebat.

233 2271 373 2319 codd.
418 2274 560 2322 VAE
602 2275 649 2322 in
697 2275 897 2341 margine
942 2286 1211 2323 monstrant:
1260 2273 1503 2322 Λακώνων,
1582 2271 1714 2321 Unde

229 2350 337 2399 haec
357 2352 402 2399 in
426 2353 800 2404 Lacedaemonios
835 2354 893 2403 ad
915 2353 1241 2423 Thermopylas
1276 2353 1343 2402 vel
1375 2353 1424 2402 in
1455 2351 1539 2402 alia
1562 2366 1710 2420 pugna

232 2431 398 2480 occisos
442 2433 604 2500 scripta
651 2434 784 2484 fuisse
819 2434 1115 2502 suspicamur;
1159 2433 1396 2483 Weberus
1440 2443 1615 2501 praeter
1645 2429 1711 2477 fas

228 2510 394 2577 Elegiis
429 2512 746 2563 adnumeravit.
816 2517 960 2564 Versu
998 2515 1038 2563 1.
1075 2515 1164 2561 ἔστι
1195 2513 1399 2564 Ursinus.

366 2592 521 2642 Restat
554 2612 789 2660 quaerere,
833 2594 915 2643 tria
960 2605 1201 2660 quatuorve
1236 2593 1345 2643 haec
1378 2592 1712 2661 Epigrammata

231 2687 319 2735 quo
368 2671 462 2736 jure
513 2672 757 2723 Simonidis
811 2673 989 2723 nomine
1032 2673 1342 2722 inscribantur.
1427 2669 1603 2719 Scimus
1660 2687 1710 2718 ex

226 2748 449 2801 Strabone
486 2753 565 2812 IX,
600 2773 642 2821 p.
666 2754 779 2811 650,
803 2755 849 2802 C.
886 2754 932 2803 in
969 2753 1139 2803 tumulo
1173 2754 1447 2803 Graecorum
1483 2749 1541 2800 ad
1570 2749 1711 2799 Ther-
