1826 3080
918 113 986 161 84

218 249 335 299 unde
368 254 542 310 χρυσοῦ
576 249 800 308 τιμήεντος
835 260 985 314 aptum
1022 258 1152 303 esset,
1195 247 1250 295 de
1294 259 1408 295 certa
1443 248 1691 314 conjectura

217 329 542 396 rescripsimus:
577 333 820 374 καλλίστων
845 326 1021 375 Reiskio
1043 326 1240 375 debetur.
1287 328 1427 375 Prava
1452 328 1691 377 tentamina

216 409 457 458 editorum:
494 427 596 456 nam
617 408 833 473 Bergkius
868 419 1017 456 noster
1049 408 1306 455 sententiam
1340 426 1466 456 suam
1492 406 1691 456 acl-Ana—

215 502 375 538 creont.
410 508 452 555 p.
490 492 600 536 233.
637 487 858 553 proditam
893 487 1149 535 retractavit.

348 571 512 616 Versus
553 566 733 615 ultimus
777 586 896 615 nunc
940 567 1134 633 primum
1171 566 1348 614 accessit
1383 585 1434 615 ex
1468 564 1691 634 Apollonii

214 650 315 696 Lex.
351 649 529 695 Homer.
574 667 612 694 v.
657 646 944 701 Ξεινοδόκος·
989 646 1266 705 ξεινοδόχος,
1317 644 1341 692 ὁ
1387 644 1497 702 τούς
1536 648 1695 702 ξένους

212 726 567 787 ὑποδεχόμενος·
615 726 640 773 ὁ
678 728 726 773 δὲ
759 730 987 786 Πίνδαρος
1020 727 1112 789 (Fr.
1151 727 1238 773 Ine.
1275 726 1386 775 278.
1421 727 1496 791 Β.)
1543 729 1695 778 Ξεινο·

213 807 373 866 δόκησέ
407 826 451 854 τε
488 811 678 866 δαίμων,
714 805 813 853 α’ντὶ
845 809 927 853 τοῦ
961 806 1257 867 ἐμαρτύρησε·
1290 810 1364 853 καὶ
1395 809 1445 853 ἐν
1465 809 1518 868 τῇ
1545 806 1694 854 Ὀδυσ·

213 891 325 949 σείᾳ·
380 888 450 951 (σ,
496 889 593 951 63.)
641 886 908 941 Ξεινοδόκος
956 887 1036 944 μὲν
1088 886 1193 945 ἐγώ·
1246 888 1369 952 ἔδοξέ
1418 899 1511 938 ,τισι
1553 887 1694 945 λέγειν

213 966 468 1031 [μάρτυρα]
506 969 643 1025 φησὶν
682 960 767 1011 οὗν
802 967 903 1029 (scr.
942 968 1051 1024 φησὶ
1083 967 1219 1028 γοῦν)
1254 969 1598 1025 Σιμωνίδης·

279 1045 563 1099 Ξεινοδόκων
598 1044 635 1091 δ’
669 1042 847 1105 ἄριστος
880 1043 904 1090 ὁ
940 1043 1107 1105 χρυσὸς
1138 1047 1188 1091 ἐν
1222 1047 1370 1105 αἰθέρι
1402 1044 1615 1105 λαμπρός.

210 1126 392 1174 Pindari
436 1138 566 1191 atque
601 1124 844 1173 Simonidis
890 1125 1070 1172 nomina
1113 1135 1360 1190 permutata
1406 1135 1510 1172 sunt
1543 1123 1589 1171 in
1624 1123 1692 1171 Et.

209 1207 271 1253 M.
307 1225 348 1271 p.
387 1206 505 1264 610,
541 1205 620 1253 43.
682 1205 960 1257 Ξενοδόκον·
1002 1203 1027 1251 ὁ
1073 1205 1153 1263 μὲν
1174 1201 1379 1264 ’Όμηρος
1418 1202 1500 1251 τὸν
1534 1205 1694 1260 ξένους

210 1283 451 1343 δεχόμενον
487 1283 681 1342 σύνηθες
711 1283 818 1342 ἡμῖν
851 1282 1133 1342 ὑποτίθησιν.
1181 1287 1505 1343 Σιμωνίδης
1537 1284 1585 1330 δὲ
1619 1286 1693 1330 καὶ

211 1368 435 1424 Πίνδαρος
467 1366 540 1418 καὶ,
574 1361 702 1413 ἄλλοι
735 1365 850 1419 τινὲς
882 1362 964 1411 τόν
998 1363 1271 1424 ἕπιμάρτυρα
1299 1365 1564 1420 ἐξεδέξαντο.
1598 1370 1693 1411 Σι-

209 1448 476 1503 μωνίδης·
521 1443 814 1504 Ξεινοδόκησε
862 1443 1091 1503 Τελαμῶνι
1134 1473 1198 1480 --
1243 1442 1342 1489 ἀντὶ
1384 1445 1467 1490 τοῦ
1510 1441 1692 1503 {papti-

210 1539 336 1583 ρησε·
369 1527 442 1570 καὶ
474 1529 723 1585 Πίνδαρος·

310 1603 595 1655 Ξεινοδόκων
631 1603 667 1649 δ’
703 1601 881 1661 ἄριστος
916 1600 1082 1662 χρυσός
1115 1604 1166 1648 ἐν
1200 1603 1348 1661 αἰθέρι
1381 1600 1582 1660 λάμπων.

136 1669 140 1678 ¹
207 1682 379 1744 (Codex
415 1682 670 1749 Hafnicnsis
704 1684 800 1728 αἰὲν
834 1682 1015 1742 αἰθέρι.)
1067 1681 1236 1729 Eodem
1272 1680 1376 1728 vitio
1411 1679 1687 1744 inquinatum
1723 1736 1725 1738 ,

206 1762 272 1809 Et.
310 1761 428 1810 Gud.
464 1781 506 1828 p.
532 1761 646 1818 414,
680 1765 757 1809 35.
794 1774 835 1809 et
871 1761 1006 1809 codex
1044 1759 1164 1826 apud
1199 1757 1511 1824 Mingarellum
1547 1756 1688 1805 Codd.

205 1841 392 1889 Nanian.
433 1859 474 1907 p.
510 1840 653 1897 4963
698 1840 775 1888 ubi
813 1853 897 1890 est:
942 1844 1210 1897 ξεινοδοκῶν
1252 1839 1287 1885 δ’
1324 1836 1503 1899 ἄριστος
1532 1856 1603 1898 χρ.
1640 1839 1690 1884 ἐν

205 1923 354 1982 αἰθέρι
384 1923 574 1982 (αἰθέρει
606 1921 816 1985 Nanian.)
852 1920 1066 1980 λάμπων,
1102 1918 1201 1966 ἀντὶ
1232 1923 1315 1965 τοῦ
1349 1921 1610 1978 μαρτυρῶν,
1646 1929 1688 1965 et

205 2002 279 2066 qui
329 2020 427 2048 cum
475 2001 543 2049 his
591 2001 806 2049 consentit
851 2010 1030 2067 excepm
1075 1998 1196 2065 quod
1240 2000 1491 2053 ξενοδοκῶν
1523 1995 1689 2053 scribit,

206 2081 401 2128 Zonaras
439 2100 480 2147 p.
520 2081 661 2129 1415.
714 2079 1008 2128 Scribendum
1045 2089 1190 2126 autem
1224 2074 1309 2136 γοὶρ
1345 2076 1428 2124 suit
1463 2075 1559 2124 loco
1592 2074 1690 2125 vul-

205 2159 294 2223 gati
330 2158 378 2205 δ’.
448 2159 652 2208 Editores
701 2160 756 2208 de
803 2159 907 2209 sede
942 2157 1139 2207 versiculi
1175 2177 1265 2205 non
1301 2156 1472 2205 solliciti
1508 2173 1686 2223 operam

205 2238 424 2286 luserunt:
462 2258 600 2286 unum
622 2239 863 2303 Bergkium
887 2238 912 2286 l.
945 2258 978 2286 c.
1016 2238 1132 2285 idem
1169 2249 1415 2286 assecutum
1443 2254 1535 2285 esse
1562 2234 1690 2284 valde

207 2317 430 2365 laetamur.
508 2318 574 2365 Dc
617 2319 934 2382 significatione
978 2317 1096 2364 vocis
1138 2315 1391 2371 ξεινοδόκος
1438 2314 1554 2363 adde
1597 2315 1688 2363 He·

207 2397 432 2466 sychium:
477 2397 765 2452 Ξεινοδόκος·
812 2396 1144 2456 ὑποδεχόμενος
1179 2398 1358 2452 ξένους·
1405 2397 1477 2441 καὶ
1509 2392 1686 2453 μάρτυς.

208 2476 480 2535 Ξενοδόχος·
525 2475 701 2535 ὁμοίως.
761 2480 1114 2534 Ξενοδοκοῦμαι.
1159 2474 1448 2534 μαρτύρομαι.
1501 2475 1688 2524 Ξενοδο-

208 2561 299 2603 κῶν
333 2560 434 2617 (scr.
472 2555 765 2618 ξενοδόκων)·
814 2560 1086 2615 ξενοδοχῶν.
1130 2558 1378 2614 μαρτυρῶν.
1423 2557 1524 2618 (scr.
1570 2556 1690 2608 ξενο-

206 2636 375 2695 δόχων.
409 2636 682 2697 μαρτύρων.)
738 2637 945 2703 Spectant
983 2636 1132 2686 ultima
1171 2634 1457 2683 Simonidem.
