1826 3080
875 84 993 120 XVIII

202 208 542 278 Lycomidarum
589 207 732 256 sacelli
774 219 871 272 post
913 217 1123 255 vastatam
1159 205 1368 254 Atticam.
1391 206 1667 257 instauratori

201 289 471 356 epigramma
506 288 756 353 scripserat,
789 306 826 332 V.
861 285 1012 351 Epigr.
1051 285 1262 334 CXCVII.

332 365 691 432 Flagrantissimo
727 363 830 412 odio
864 363 1202 413 Themistoclem
1237 376 1367 430 atque
1396 363 1668 414 Simonidem

198 446 542 514 persequebatur
575 445 837 491 Timocreon
870 442 1073 492 Rhodius
1106 455 1258 509 poeta,
1304 442 1359 491 de
1393 461 1481 508 quo
1515 441 1668 511 diupu-

198 526 303 573 tavit
322 524 566 572 Boeckhius
586 522 736 571 Indice
769 522 881 571 lectt.
901 521 1094 571 Berolin.
1124 533 1318 571 semestr.
1346 521 1489 569 aestiv.
1518 521 1668 571 1833:

197 605 417 669 Diogenes
449 602 647 650 Laertius
682 602 747 659 II,
781 604 870 659 25,
904 601 982 650 46.
1040 604 1271 661 Σιμωνίδῃ
1305 601 1670 659 ἑφιλονείοιειέᾰὶ-

197 685 412 742 μοκρέων.
481 680 687 746 Apertius
723 679 885 728 Suidas
918 699 950 728 s.
986 700 1024 727 v.
1063 681 1338 740 Τιμοκρέων,
1379 677 1558 734 Ῥόδιος
1586 697 1670 726 κω-

196 760 322 821 μικός
354 763 427 806 καὶ
460 758 597 814 αὐτὸς
629 763 706 818 τῆς
740 760 924 819 ἀρχαίας
953 762 1206 821 κωμῳδίας·
1239 759 1465 818 διεφέρετο
1487 758 1535 804 δὲ
1556 756 1671 818 uode

196 843 454 898 Σιμωνίδην
487 836 566 884 τόν
601 842 692 885 τῶν
735 842 878 897 μελῶν
925 835 1112 897 ποιητήν
1156 839 1230 883 καὶ
1263 838 1554 896 Θεμιστοκλέα
1585 834 1668 883 τᾶν

195 919 451 977 Ἀθηναῖον,
485 921 547 972 εἰς
582 916 637 963 ὃν
671 916 866 975 ἐξύφανε
899 917 1044 976 ψόγον
1079 915 1132 963 δι’
1167 919 1381 976 ἐμμελοῦς
1404 934 1526 982 τινος
1544 915 1670 974 ποιή-

196 1016 340 1056 ματος.
384 1025 451 1032 —-
482 994 683 1055 ’Ἔγραψε
725 1000 960 1058 κωμῳδίαν
1006 999 1068 1050 εἴς
1100 1013 1145 1042 τε
1178 993 1258 1042 τόν
1291 993 1432 1042 αὐτόν
1466 1001 1670 1053 Θεμιστο-

195 1078 299 1122 κλέα
333 1078 406 1121 καὶ
438 1078 499 1129 εἰς
531 1078 790 1133 Σιμωνίδην
822 1073 903 1121 τὸν
937 1072 1178 1134 μελοποιόν
1212 1077 1284 1121 καὶ
1317 1071 1440 1120 ἄλλα.
1477 1074 1668 1122 caussae

197 1154 370 1202 discidii
413 1153 764 1201 Timocreontem
809 1153 922 1201 inter
963 1165 1005 1201 et
1037 1153 1374 1202 Themistoclem
1416 1152 1528 1200 duce
1560 1151 1667 1200 Plu·
1737 1167 1741 1172 “

195 1232 346 1280 tarcho
389 1231 541 1278 Them.
578 1232 695 1278 XXI.
741 1232 787 1279 in
832 1231 948 1279 clara
989 1230 1084 1280 luce
1117 1244 1352 1298 ponuntur.
1435 1232 1551 1279 Nam
1592 1232 1667 1297 qui

196 1311 302 1359 alios
337 1310 477 1376 patria
511 1309 724 1375 profugos
758 1310 1015 1358 muneribus
1045 1322 1275 1376 corruptus
1301 1309 1557 1368 reduxisset,
1590 1310 1667 1358 Ti-

194 1400 487 1438 mocreontem
535 1400 576 1435 et
617 1387 832 1454 hospitem
875 1401 916 1437 et
959 1388 1149 1437 amicum
1195 1389 1254 1437 ob
1298 1387 1534 1437 Medorum
1576 1400 1668 1437 stu-

195 1470 318 1517 dium
367 1468 566 1531 fugatum
612 1486 702 1515 non
751 1486 907 1533 passus
956 1479 1047 1516 erat
1089 1467 1299 1515 Rhodum
1344 1467 1518 1526 reverti,
1571 1466 1671 1516 licet

194 1548 276 1595 tria
311 1546 469 1594 talenta
507 1546 673 1609 argenti
710 1547 954 1611 accepisset.
1036 1546 1143 1594 Post
1190 1558 1332 1594 autem
1379 1564 1517 1611 quum
1550 1544 1668 1594 The-

195 1625 410 1674 mistocles
453 1636 494 1671 et
540 1624 632 1689 ipse
681 1624 865 1671 eandem
900 1625 958 1672 ob
995 1643 1193 1672 caussam
1230 1624 1288 1671 ad
1322 1625 1478 1672 Persas
1512 1625 1668 1673 confu-

193 1706 347 1770 gisset,
402 1703 663 1750 Timocreon
718 1715 855 1751 atram
914 1703 1046 1751 bilem
1090 1704 1136 1751 in
1177 1703 1397 1769 perfidum
1441 1702 1666 1752 hominem

194 1782 395 1832 evomuit.
465 1780 744 1829 Simonideae
779 1794 923 1830 autem
958 1782 1044 1831 litis
1087 1779 1198 1848 quae
1232 1781 1463 1849 peculiaris
1496 1781 1668 1831 exstite-

194 1863 250 1909 rit
284 1861 408 1925 origo
443 1872 492 1908 ut
527 1859 763 1908 obscurum
799 1861 877 1919 sit,
911 1873 1039 1927 poeta
1075 1862 1188 1909 Ceus
1221 1880 1322 1910 eum
1355 1860 1500 1909 odisse
1533 1859 1667 1910 debe-

192 1941 281 1997 hat,
318 1940 392 2005 qui
427 1951 516 1987 tam
553 1939 722 2004 abjecto
756 1940 908 1988 fuisset
943 1940 1090 1988 animo
1126 1952 1255 2005 atque
1287 1957 1461 1999 vesano,
1494 1951 1557 1998 ut,
1590 1940 1667 2006 qui

194 2021 388 2067 Graecus
427 2031 537 2066 esset
577 2019 774 2076 natione,
827 2019 1062 2067 Persarum
1106 2019 1221 2084 regis
1257 2019 1436 2067 Graecis
1477 2018 1668 2067 infestis-

193 2098 292 2146 simi
339 2097 536 2163 partibus
580 2097 722 2146 favere
767 2098 947 2163 ejusque
990 2097 1136 2145 aulam
1179 2097 1300 2145 adine
1345 2097 1431 2145 sibi
1465 2096 1669 2145 nonde-

194 2177 341 2224 decori
392 2175 587 2230 duceret‚
639 2176 715 2223 cfr.
765 2176 1124 2245 Thrasymachus
1177 2175 1498 2224 Chalcedonius
1546 2174 1669 2242 apud

193 2255 350 2303 Athen.
385 2256 447 2310 X,
494 2272 534 2318 p.
570 2253 690 2311 416,
734 2256 787 2302 A.
842 2256 899 2303 Et
931 2267 1060 2321 poeta
1096 2255 1209 2303 Ceus
1244 2254 1428 2304 fortasse
1462 2254 1667 2303 crimina-

193 2335 331 2382 tiones
367 2333 423 2379 ab
459 2331 763 2381 Timocreonte
796 2334 841 2381 in
871 2334 1209 2382 Themistoclem
1244 2353 1373 2382 suum
1409 2332 1588 2382 collatas
1619 2332 1668 2380 in

194 2414 334 2478 ipsum
371 2422 591 2458 auctorem
628 2412 920 2477 retorquebat,
954 2425 1190 2478 patronum
1226 2414 1538 2480 sospitatum&
1573 2409 1667 2459 *Ex-

192 2503 274 2538 stat
309 2490 594 2556 Epigramma
631 2490 871 2540 Simonidis
908 2492 1184 2540 CLXXXVI.
1231 2492 1276 2540 in
1324 2492 1470 2541 vivum
1511 2489 1664 2538 Timo-

193 2582 407 2617 creontem
446 2568 695 2633 joculariter
717 2570 1028 2635 compositum3
1065 2570 1261 2634 ejusdem
1287 2568 1547 2621 versiculum
1571 2567 1665 2632 epi-

1819 2421 1826 2572 Ι

1813 2581 1826 2695 1

1816 2697 1826 2927 i!
