1826 3080
876 108 975 157 110

176 248 320 297 habet.
382 247 515 295 Recte
550 245 713 294 Suidas
749 264 784 291 v.
827 244 992 302 Τέφρα.
1027 242 1186 303 η’χέτας
1218 245 1293 290 καὶ
1326 242 1546 299 ἀκανθίας
1579 244 1662 291 οὐκ

177 333 269 388 εἴδη
316 331 544 387 τεττίγων,
593 323 688 372 ἀλλ’
732 326 914 370 ἐπίθετα
960 324 1149 383 τέττυγος
1194 320 1286 370 «ind
1329 325 1411 369 τοῦ
1452 322 1579 384 η’χεῖν
1612 325 1663 371 ἐν

177 407 407 463 ἀκάνθαις.
490 406 557 454 Et.
604 406 666 454 Μ.
710 404 943 459 Ἀκανθίς·
989 430 1053 439 --
1116 404 1191 458 καὶΕ
1229 400 1500 461 Ἀκάνθιος,
1546 403 1663 459 εἶδος

175 490 384 547 τέττιγος·
435 489 481 531 οἱ
518 486 566 531 δὲ
600 482 680 530 τόν
715 480 920 543 ἄφωνον.
989 481 1170 530 Poterat
1203 494 1350 531 autem
1383 495 1516 550 poeta
1549 483 1664 533 Ceus

176 585 356 616 narrare
401 564 455 612 de
499 563 677 628 regione
720 563 869 633 nescio
913 581 1023 629 qua,
1066 561 1143 610 ubi
1188 561 1365 611 cicadae
1399 574 1571 622 mutae,
1614 574 1664 612 ut

177 648 290 695 circa
327 644 548 709 Rhegium
585 643 718 692 fuisse
754 643 986 700 dicuntur,
1020 662 1058 690 v.
1094 642 1224 690 Paus.
1259 642 1337 699 VI,
1373 643 1418 701 6,
1450 646 1495 691 2.
1523 641 1662 691 ‘alios-

177 745 273 793 que.
344 724 554 790 Sequitur
588 722 753 772 Zenob.
789 723 944 771 Provv.
981 722 1025 780 Ι,
1061 722 1137 770 51.
1195 720 1474 777 Ἀκοῖνθινος
1505 723 1661 778 τέττιξ·

177 808 249 853 ἐπὶ
281 809 371 851 τῶν
407 802 609 863 ἀφώνων
633 805 706 849 καὶ
736 800 951 861 οἷμούσων
970 803 1150 860 λέγεται,
1185 800 1391 861 παρόσον
1426 806 1474 849 οἱ
1501 800 1666 851 Ἀκάν-

178 895 299 931 θινοι
333 886 515 942 τέττιγες
549 881 635 930 οὐκ
669 880 867 946 ᾅδουσιν.

863 1086 867 1091 ’
881 1074 956 1112 cu.

312 1202 472 1252 Athen.
509 1202 649 1266 11‚p
684 1200 775 1257 40,
810 1199 863 1247 A.
918 1195 1024 1247 “On
1054 1202 1377 1259 Σιμωνίδης
1406 1218 1490 1259 την
1523 1196 1666 1260 αὐτήν

178 1282 323 1344 ἄρχην
357 1286 534 1340 τίθησιν
571 1285 701 1326 οἴνου
735 1282 809 1326 καὶ
841 1282 1067 1338 μουσικῆς.

312 1363 434 1410 Haec
468 1360 552 1408 fuit
585 1358 798 1408 sententia
833 1358 1098 1416 Simonidis,
1145 1357 1384 1424 depravata
1414 1356 1475 1418 ‚ab
1510 1304 1665 1425 Epitoa

177 1455 367 1499 matore,
414 1452 463 1489 ut
505 1439 703 1488 carmina
744 1438 972 1505 pangendi
1016 1439 1231 1506 impetum
1267 1456 1293 1486 a
1329 1437 1431 1486 vino
1464 1449 1667 1505 repeten-

176 1523 285 1571 dum
331 1540 423 1570 esse
467 1520 640 1568 diceret.
718 1518 866 1567 Veluti
909 1517 1156 1586 Aeschylus
1206 1517 1385 1566 nonnisi
1429 1529 1562 1586 potus
1607 1517 1669 1567 ad

174 1600 451 1667 traegoedias
486 1598 830 1648 conscribendas
878 1617 924 1646 se
960 1597 1197 1646 accinxisse
1233 1597 1383 1646 fertur.
1466 1597 1524 1646 Id
1559 1615 1668 1647 con·
1725 1607 1728 1610 ’

177 1682 355 1729 firmant
389 1679 641 1745 sequentia:
714 1674 838 1724 ’Λπὸ
872 1678 1012 1736 μέθης
1043 1680 1116 1723 καὶ
1148 1675 1176 1736 ἦ
1213 1680 1460 1740 τραγῳδίας
1491 1674 1667 1739 εὕρεσις
1720 1675 1721 1678 ’

176 1764 226 1807 ἐν
272 1759 442 1821 Ἰκαρίᾳ
484 1762 563 1817 τῆς
603 1756 806 1815 Ἀττικῆς
847 1754 1014 1817 εὑρέθη
1058 1759 1132 1804 καὶ
1172 1756 1264 1804 κατ’
1301 1755 1444 1804 αὐτόν
1475 1755 1557 1805 τόν
1588 1761 1671 1818 τῆς

177 1840 338 1901 τρύγης
371 1837 550 1900 καιρόν,
587 1836 666 1896 ἀφ’
703 1832 760 1884 οὗ
789 1834 843 1896 δή
871 1839 944 1883 καὶ
973 1841 1194 1899 τρυγῳδία
1221 1834 1274 1884 τὸ
1297 1839 1482 1898 πρῶτον
1495 1835 1666 1896 ἐκλήθη·

178 1919 206 1977 ἡ
239 1923 459 1982 κωμῳδία.

876 2109 968 2147 clu.

314 2237 525 2285 Themist.
575 2237 618 2283 in
656 2237 834 2284 Aristot.
872 2234 1005 2302 Phys.
1045 2233 1130 2291 IV,
1173 2252 1215 2300 p.
1252 2233 1343 2293 47,
1378 2233 1445 2294 C..
1485 2230 1669 2292 Ἐπειδή

179 2321 227 2365 ἑν
262 2322 323 2381 τῷ
359 2316 510 2380 χρόνῳ
545 2319 616 2362 καὶ
650 2313 703 2362 to}
736 2314 947 2375 γινόμενα
979 2317 1145 2373 γίνεται
1187 2315 1261 2360 καὶ
1303 2311 1356 2361 τοὶ
1392 2311 1668 2378 φθειρόμενα

179 2402 432 2458 φθείρεται,
470 2395 650 2451 εἰκότως
686 2401 731 2443 οἱ
762 2397 844 2455 μὲν
879 2393 1158 2454 σοφώτατον,
1196 2399 1243 2440 οἱ
1274 2395 1322 2441 δὲ
1356 2393 1664 2453 ἀμαθέστατον

179 2480 384 2537 λέγουσιν
419 2476 532 2523 εἶναι
564 2473 644 2522 τόν
678 2475 868 2535 χρόνον·
921 2477 1251 2534 Σιμωνίδης
1283 2474 1364 2533 μὲν
1399 2470 1485 2535 γαρ
1519 2469 1666 2531 σοφώ·

180 2576 328 2613 τατον,
368 2552 436 2602 ὅτι
467 2561 667 2614 γίνονται
702 2555 990 2615 ἐπιστήμονες
1023 2551 1116 2600 ὑπό
1150 2553 1333 2614 χρόνον.

313 2636 447 2683 Poeta
484 2634 605 2702 apud
641 2634 762 2683 Stob.
801 2634 982 2700 Eclogg.
1019 2633 1152 2702 Phys.
1189 2633 1234 2691 Ι,
1271 2635 1326 2691 9,
1368 2632 1439 2680 14.

383 2713 549 2774 Σοφόν
582 2716 759 2773 λέγουσι
793 2714 872 2762 τόν
906 2714 1077 2774 χρόνον
1114 2714 1371 2772 πεφυκέναι.
