1826 3080
889 115 958 160 20

187 247 470 295 Hermannus
522 249 607 305 εἰμὶ
646 246 843 295 induxit:
888 246 1019 295 nobis
1062 244 1147 306 ἐγώ
1192 246 1358 312 requiri
1405 246 1547 297 visum
1591 260 1666 304 est,
1701 234 1708 240 .

191 327 265 375 15.
300 326 552 392 Legebatur
581 323 786 384 η’λιθίων.
856 326 975 374 Tum
1022 323 1222 387 ἀπείρων
1264 327 1453 385 γενέθλα
1494 326 1669 378 codices

185 424 359 464 omnes,
393 405 570 470 vulgata
605 405 651 454 in
686 405 814 454 editis
850 417 914 454 est
947 405 1259 455 vetustissimis.
1332 406 1426 455 17:
1443 405 1670 466 διζόμενος

185 483 322 532 codex
357 492 422 541 Σ,·
474 497 569 533 tum
603 483 751 550 plures
788 484 916 533 codd.
952 488 1024 540 εἰς.
1105 484 1180 534 19.
1217 482 1462 547 εὖρυέδους
1495 481 1598 534 ὅσοι
1627 504 1668 532 κ.

183 567 267 609 αἰν.
302 570 376 621 χθ.
412 563 557 628 vulgo.
633 562 818 612 Codices
853 563 1035 631 quidam
1071 565 1336 626 εὐρυεδοῦς,
1370 583 1515 632 neque
1546 563 1670 615 aliter

183 642 403 691 Plutarch.
439 643 646 712 Sympos.
670 644 750 702 lx,
777 644 853 702 14,
881 648 924 692 2.
971 649 1182 700 Παιδείας
1214 646 1263 692 δὲ
1296 646 1370 692 καὶ
1402 643 1544 704 λόγου
1577 643 1671 692 6⁵6-

183 730 298 780 μεθα
333 722 495 778 πάντες
549 721 871 783 εὐρυεδοῦς
933 720 1062 771 ὅσοι
1107 722 1330 785 καρπόν
1381 723 1671 784 αἰνύμεθα

182 802 406 861 χθονός.
475 803 601 852 Idem
637 803 693 852 de
727 803 973 870 Tranquill.
1008 823 1051 871 p.
1086 805 1207 863 470,
1242 805 1319 862 1).;
1364 803 1421 853 de
1454 804 1670 853 Fraterno

183 882 335 931 Amor.
379 902 421 949 p.
466 883 591 941 485,
639 884 709 941 C.,
754 883 833 932 ubi
877 896 940 932 est
982 882 1211 944 εὐρυόδου
1256 881 1294 942 γ’
1343 879 1446 930 ὅσοι
1478 902 1516 931 κ.
1552 883 1594 930 α’.
1629 901 1667 942 χ.

181 962 383 1028 Denique
427 962 524 1011 adv.
572 963 729 1011 Stoice.
776 983 818 1030 p.
874 964 1027 1021 1061,
1084 963 1136 1010 B.
1190 962 1432 1023 εὕρυέδονς
1487 959 1590 1011 ὅσοι
1629 982 1667 1010 κ.

181 1040 374 1100 ἐδόμεθα
414 1041 609 1100 χθονός,
652 1042 731 1091 ubi
775 1043 1013 1091 Turnebus
1056 1041 1290 1102 νεμόμεθα.
1369 1042 1669 1110 Amplificavit

182 1132 310 1186 poeta
357 1121 642 1170 Homericum
689 1122 814 1170 Iliad.
857 1121 1090 1180 VI‚.142.
1137 1126 1339 1182 βροτῶν,
1389 1127 1435 1168 οἳ
1466 1121 1670 1184 ἀρούρης

180 1198 355 1259 καρπὸν
399 1202 559 1248 ἔδουσι.
642 1204 720 1250 20.
742 1199 923 1248 ’Ἔπειθ’
957 1199 1064 1260 ὑμῖν
1097 1200 1223 1250 libri:
1270 1201 1520 1250 emendavit
1552 1202 1667 1250 Her-

180 1299 382 1328 mannus.
452 1282 530 1328 21.
565 1283 685 1329 Loco
720 1281 890 1329 formae
925 1283 1155 1340 ἐπαίνημι,
1191 1299 1327 1346 quam
1361 1279 1566 1330 Socrates
1598 1280 1667 1330 lu-

180 1359 248 1407 dit
279 1359 334 1408 de
370 1359 588 1408 industria
632 1360 830 1426 posuisse
864 1372 1041 1426 poetam
1083 1361 1142 1408 ob
1177 1360 1395 1408 Pittacum
1441 1360 1668 1417 Lesbium,

180 1459 280 1505 pars
316 1439 519 1487 codicum
555 1441 814 1498 ἑπαινῆμιν,
851 1441 1083 1500 ἐπαινοῐμι.
1152 1444 1231 1489 22.
1252 1437 1398 1501 ’Ἐρδῃ
1433 1439 1537 1488 libri
1569 1439 1664 1506 ple-

180 1519 329 1584 rique:
376 1519 559 1584 quidam
604 1522 719 1579 ἔρδει
765 1519 831 1568 vel
875 1521 1001 1579 ἔρδει.
1087 1523 1166 1568 23.
1211 1520 1367 1587 Synes.
1403 1520 1517 1588 Epp.
1556 1519 1665 1568 103.

179 1598 368 1660 Ἀνοέγκᾳ
403 1600 450 1645 δὲ
486 1598 593 1646 οὐδὲ
628 1604 750 1655 θεοί,
789 1603 920 1658 φασί,
955 1598 1181 1658 μάχονται.
1225 1598 1358 1647 Adde
1393 1597 1539 1647 Schol.
1574 1598 1666 1647 Eu-

177 1679 255 1744 rip.
295 1678 439 1726 Orest.
462 1678 589 1735 478„
626 1678 790 1726 Zenob.
812 1679 967 1726 Provv.
991 1678 1027 1736 Ι,
1061 1679 1155 1736 85.,
1190 1677 1413 1726 Phalarid.
1435 1677 1548 1744 Epp.
1572 1678 1666 1733 83..

177 1757 319 1807 Procl.
355 1757 464 1807 Plat.
503 1758 668 1826 Cratyl.
706 1778 748 1824 p.
786 1759 862 1807 93.
898 1759 1054 1815 Boiss.‚
1090 1758 1220 1822 Diog.
1255 1758 1397 1805 Laert.
1425 1756 1460 1814 I,
1494 1756 1551 1815 4,
1585 1756 1633 1805 4.

310 1837 437 1886 Plato
486 1837 542 1886 de
599 1837 684 1886 hoc
737 1838 929 1886 carmine
972 1836 1202 1903 Sophistas
1247 1836 1519 1903 disputantes
1565 1835 1666 1884 fecit

179 1917 298 1973 ideo,
351 1930 400 1965 ut
447 1937 581 1984 quam
628 1917 850 1966 lubricum
898 1916 948 1965 'id
998 1935 1138 1982 genus
1191 1916 1502 1983 disputationis
1556 1928 1668 1965 esset

179 2009 453 2063 quantasque
487 1997 670 2046 haberet
703 1998 926 2046 cautiones
962 1996 1193 2063 explicatio
1214 2008 1445 2063 poetarum
1471 1996 1566 2045 istis
1583 1991 1673 2043 lio-¹

178 2078 373 2127 minibus
410 2078 629 2136 adamata,
664 2078 886 2127 luculento
922 2076 1121 2143 exemplo
1159 2075 1412 2125 declararet.
1470 2075 1667 2124 Simoni-

178 2158 254 2206 des
293 2171 437 2206 autem
483 2178 561 2206 cur
603 2159 760 2207 Pittaci
803 2158 1081 2225 potissimum
1127 2156 1293 2205 dictum
1329 2154 1666 2222 impugnaverit,

111 2266 113 2269 -
178 2237 486 2303 Sophistarum
533 2256 768 2308 personam
823 2237 1005 2285 indutus
1052 2255 1191 2303 paene
1236 2235 1423 2284 dixerim
1475 2246 1517 2283 et
1559 2234 1667 2301 ipse,

178 2317 345 2365 dictum
382 2318 510 2366 estin
534 2317 738 2382 Prolegg.
761 2337 802 2384 p.
825 2317 1028 2365 XXXVI.
1072 2317 1161 2364 Pro
1185 2315 1477 2363 fundamento
1506 2313 1667 2363 carmi-

179 2397 244 2445 nis
287 2397 406 2445 illam
453 2397 711 2445 sententiam
756 2398 924 2463 posuit,
967 2400 1055 2462 quo
1099 2395 1283 2444 clariore
1319 2395 1363 2442 in
1400 2393 1497 2442 luce
1530 2391 1665 2442 collo-

179 2489 295 2525 caret
328 2496 454 2525 suam
490 2477 743 2543 opinionem
781 2475 1045 2525 Difficile
1089 2493 1205 2523 esse
1248 2474 1453 2522 bonum
1486 2472 1664 2521 virum

177 2557 421 2606 evadere.
493 2557 763 2622 Quanquam
800 2576 902 2605 cave
938 2555 1118 2612 credas,
1164 2554 1383 2602 Pittacum
1419 2570 1558 2620 quum
1591 2570 1665 2610 χα-

177 2634 314 2683 λεπόν
356 2635 522 2683 ἐσθλόν
557 2639 786 2695 ἔμμεναι
828 2636 959 2693 dixit,
1007 2646 1359 2683 consummatam
1404 2630 1663 2681 intellexisse

177 2716 376 2764 virtutem
415 2736 494 2765 nec
529 2734 726 2781 unquam
763 2715 1008 2764 labantem:
1045 2726 1235 2762 mentem
1273 2713 1377 2762 dicti
1410 2710 1663 2760 Simonides
