1826 3080
891 125 987 172 136

402 259 508 307 κενοί
542 278 586 306 τε
620 258 814 318 κλαγγὰν
847 257 1263 320 κᾶπιλακυθίστρια,

529 337 906 399 διθυραμβοχώνα
920 357 927 365 ·
1116 363 1138 386 x

394 422 599 466 τέθνακε·
637 438 694 477 μη
731 418 952 478 βαλωμες·
992 421 1038 464 αἰ
1072 420 1121 464 δέ
1153 436 1202 464 κε
1235 417 1350 474 ζόεν,

378 555 381 558 y
527 497 761 556 τύμπανόν
795 496 834 544 κ’
869 496 1028 557 ἑφύση.

191 579 422 645 Apparent
454 596 554 625 rara
588 577 769 642 vestigia
803 577 1060 626 imitationis
1097 575 1422 624 Simonideae
1408 594 1456 624 in
1483 574 1680 642 reliquiis

173 646 441 707 ¹Mnasalcae
476 657 598 724 apud
630 657 904 705 Brunckium
925 656 1070 705 Anall.
1102 656 1139 714 Ι,
1169 656 1277 704 190.
1315 655 1480 705 Confer
1502 655 1678 724 Epigrr.

191 739 252 784 II.
290 738 374 784 III.
415 738 490 785 IV.
527 738 606 785 VI.
657 757 757 785 cum
794 737 1039 785 Simonidis
1074 737 1251 803 Epigrr.
1290 735 1374 784 CC.
1410 747 1453 785 et
1487 735 1600 784 CCI.
1636 746 1680 784 et

188 818 358 866 videbis
393 818 503 884 quid
537 821 651 866 inter
684 829 923 883 utrumque
956 816 1139 865 intersit.
1187 816 1360 865 Buccas
1393 815 1520 866 inflat
1544 816 1678 865 Mna-

189 898 340 946 salcas.

324 977 452 1041 Quae
503 977 759 1029 Simonides,
803 977 1145 1043 ‘Epigrammata
1197 974 1373 1042 scripsit
1423 973 1558 1024 rebus
1613 985 1678 1024 te-

187 1058 445 1115 nuioribus,
498 1058 544 1105 in
589 1058 643 1106 iis
689 1057 925 1106 verborum
961 1056 1108 1104 minus
1143 1074 1305 1122 parcus
1340 1054 1546 1120 adjungit
1580 1054 1680 1104 lau-

187 1137 289 1185 dem
325 1138 401 1194 rei,
436 1155 568 1202 quam
606 1137 846 1184 memoriae
880 1135 1077 1193 mandat,
1112 1134 1180 1183 vel
1211 1153 1352 1199 genus
1383 1134 1552 1193 mortis,
1586 1152 1678 1200 quo

187 1217 286 1282 quis
330 1217 458 1274 obiit,
517 1216 723 1281 adjicitur
775 1216 872 1281 quis
926 1215 1123 1281 posuerit
1179 1225 1541 1271 monumentum3
1591 1211 1678 1262 alia

187 1296 372 1344 artifices
409 1295 466 1343 ab
503 1294 934 1343 crimininationibus
968 1293 1090 1359 vulgi
1125 1293 1372 1352 vindicant,
1416 1304 1467 1341 ut
1498 1291 1676 1360 Epigrr.

187 1376 358 1424 CCXX.
393 1375 517 1423 XXI.
578 1376 669 1423 Par
711 1386 857 1423 autem
903 1386 1020 1432 erat,
1061 1373 1370 1439 inscriptiones
1403 1371 1677 1439 privatorum

185 1456 417 1505 hominum
463 1454 646 1504 tumulis
688 1455 959 1522 insculptae,
1007 1471 1199 1519 quorum
1235 1471 1305 1501 res
1352 1463 1497 1502 essent
1528 1452 1678 1502 minus

184 1527 469 1601 magnificae,
517 1534 663 1583 verbis
712 1535 771 1582 ad
814 1533 1245 1582 commendationem
1278 1531 1513 1582 hominum
1548 1550 1678 1582 exor-

184 1627 408 1664 narentur.
485 1615 646 1662 Fatum
693 1626 839 1662 autem
887 1613 1080 1661 hominis
1122 1612 1281 1679 privati
1325 1631 1465 1678 quum
1509 1610 1675 1661 luctum

185 1695 359 1751 excitet,
394 1712 486 1741 non
521 1693 886 1750 admirationem,
931 1693 1099 1740 factum
1135 1703 1219 1750 est,
1262 1703 1313 1740 ut
1355 1692 1674 1758 epigrammata

184 1773 409 1833 ἐπικήδεια
443 1772 503 1820 ad
538 1773 764 1838 elegorum
801 1773 1060 1838 lugubrium
1095 1783 1304 1820 naturam
1339 1770 1526 1838 propius
1549 1789 1676 1821 acce»-

185 1854 304 1902 dant.
374 1852 589 1919 Exemplo
625 1852 737 1901 illud
779 1853 857 1911 sit,
901 1852 1024 1919 quod
1058 1851 1350 1900 Anacreontis
1390 1851 1459 1900 sui
1502 1850 1676 1901 tumulo

184 1933 407 1999 inscripsit
448 1932 757 1990 tenerrimum,
812 1930 1239 1998 Epigr.·CLXX1.‚
1296 1930 1420 1998 quod
1469 1929 1677 1981 molliora

184 2014 322 2079 spirat
368 2024 410 2060 et
456 2011 568 2060 adeo
617 2011 829 2060 dissimile
880 2024 943 2061 est
978 2010 1090 2066 aliis.
1112 2011 1405 2070 carminibus,
1450 2022 1503 2059 ut
1533 2029 1677 2079 paene

145 2096 149 2098 “
186 2091 347 2140 oblitus
397 2092 598 2140 videatur
643 2092 934 2159 Epigramma
977 2091 1121 2140 condi.
1202 2091 1341 2156 Quod
1383 2103 1532 2140 autem
1577 2109 1675 2140 car-

185 2173 303 2220 mine
326 2173 451 2219 CCV.
488 2172 711 2220 floridiore
748 2172 946 2220 oratione
980 2190 1087 2220 usus
1112 2170 1320 2220 bacchari
1347 2170 1535 2230 videtur,
1567 2189 1675 2221 usus

185 2264 228 2300 et
263 2264 403 2300 metro
439 2263 650 2316 angustos
686 2251 852 2300 heroici
898 2270 1049 2300 versus
1085 2250 1301 2300 cancellos
1336 2254 1591 2318 respuente,
1633 2261 1678 2300 et

185 2343 497 2397 argumentum
531 2330 801 2380 Bacchicum
845 2331 929 2380 fuit
970 2331 1018 2380 in
1053 2350 1208 2380 caussa
1257 2342 1299 2380 et
1333 2329 1456 2397 quod
1489 2349 1542 2380 ea
1574 2330 1674 2398 ipsa

183 2411 365 2460 victoria
397 2411 706 2460 Acamantidis
748 2411 891 2460 tribus
939 2411 1076 2459 choro
1119 2409 1259 2478 cyclio
1302 2409 1541 2459 obvenerat
1571 2420 1675 2476 post

183 2490 322 2539 multa
357 2490 591 2539 conamina
626 2490 785 2556 prima.
865 2490 920 2538 In
957 2489 1083 2554 cujus
1119 2489 1326 2538 carminis
1361 2489 1486 2538 initio
1519 2486 1671 2538 subtili

184 2571 347 2634 judicio
383 2582 512 2637 poeta
547 2589 573 2618 a
608 2570 859 2618 tumiditate
892 2569 1222 2619 remotissimus·
1248 2567 1478 2636 scopulum
1508 2568 1671 2625 vitavit,

185 2650 242 2696 ad
278 2669 407 2715 quem
444 2649 687 2716 periculum
726 2662 818 2698 erat
843 2669 899 2699 ne
930 2648 1131 2707 illideret,
1157 2668 1294 2715 quum
1330 2649 1454 2708 irrita
1487 2646 1560 2696 illa
1597 2666 1671 2696 co-

187 2730 364 2777 namina
403 2729 544 2778 tribus
579 2729 883 2778 Acamantidis
927 2727 1315 2777 commemoranda
1351 2738 1514 2798 essent:
1560 2739 1670 2776 tecta
