1826 3080
869 78 965 127 139

167 217 262 268 uit·
307 214 548 266 caesuram
596 225 718 263 amat
760 225 892 280 poeta
935 231 1033 262 eam
1077 230 1192 280 quae
1232 211 1344 260 κατά
1378 219 1531 274 τρίτον
1563 235 1661 276 τρο-

168 303 304 357 ιόον
335 293 603 364 appellatur,
637 311 720 342 nec
755 311 856 341 rara
891 310 941 341 ea
977 310 1093 359 quae
1125 294 1467 355 πενθημμερής.

305 374 361 424 ln
406 371 663 423 Dialecto
708 372 1191 440 Epigrammatum
1233 391 1411 424 summa
1452 387 1496 423 et
1538 388 1658 424 vetu-

165 465 338 505 storum
390 451 609 504 librorum
653 451 950 520 discrepantia
997 465 1064 503 est
1113 465 1157 503 et
1206 453 1359 519 judicii
1405 466 1659 504 nostrorum

166 533 401 584 hominum
434 532 730 583 inconstantia
764 543 807 581 et
840 531 1079 583 fluctuatio.
1163 534 1280 583 Nam
1315 553 1456 602 quum
1490 534 1538 583 in
1572 534 1658 583 Pa-

164 612 318 664 latinis
354 611 631 664 memhranis
673 623 716 662 et
761 611 809 661 in
844 613 1171 681 exemplaribus
1205 613 1462 664 Planudeae
1495 615 1659 664 Dorica

164 691 380 745 dialoetm
421 692 471 742 in
515 691 613 742 aliis
657 704 912 759 compareat
945 693 1140 759 integra,
1187 694 1233 742 in
1269 693 1366 743 aliis
1399 694 1659 760 vulgaribus

166 772 324 824 fomis
362 772 614 839 Ionicisque
655 771 902 837 variegata,
959 772 1151 822 editores
1203 774 1351 839 prouti
1404 773 1551 823 lubuit
1591 775 1659 824 vel

164 852 376 905 notiam
423 850 662 902 dialectum
710 851 950 900 tuebantur
990 851 1059 901 vel
1101 851 1314 901 radicitus
1357 854 1659 921 exstirpabant

161 929 251 985 nl
271 931 333 987 de
369 950 455 982 suo
496 930 748 982 inferebant
792 930 858 980 vel
893 930 1087 998 denique
1121 931 1308 981 eandem
1344 933 1658 1000 propagabant

162 1011 430 1071 umam,
462 1010 588 1061 nullo
621 1029 757 1061 sanae
790 1011 950 1060 mentis
984 1010 1113 1060 freno
1148 1011 1343 1061 cohibiti.
1415 1012 1523 1077 Quo
1557 1015 1656 1080 qui-

156 1089 266 1143 &n
297 1091 410 1143 nihil
444 1091 630 1158 cogitari
664 1102 809 1158 potest
842 1090 1103 1158 perversius.
1177 1092 1295 1141 Nam
1331 1103 1380 1140 ut
1412 1093 1657 1159 posteriore

157 1185 360 1241 tenpore
393 1191 535 1240 quum
569 1172 616 1221 in
642 1170 920 1220 eruditorum
943 1170 1208 1220 umbracula
1237 1171 1485 1221 recessisset
1507 1191 1653 1222 sermo

157 1251 360 1304 Graecus
391 1253 731 1309 semimortuus,
765 1251 957 1300 variasse
991 1249 1228 1299 dialectum
1264 1252 1652 1318 Epigrammatum

159 1330 289 1383 ficile
307 1330 487 1398 largiar,
521 1332 613 1380 imo
643 1329 858 1396 aliquid
845 1348 893 1378 ιιι
921 1348 972 1378 ea
1002 1348 1053 1379 re
1076 1330 1344 1396 quaesivisse
1369 1330 1469 1381 illos
1500 1331 1651 1382 fabros

157 1428 366 1466 versuum
393 1410 597 1461 credam:
622 1410 684 1459 ita
702 1409 761 1459 ab
779 1409 865 1459 hoc
885 1409 1070 1459 crimine
1093 1408 1352 1459 liberandus
1373 1411 1498 1460 omni
1516 1411 1652 1461 modo

152 1501 289 1564 foeta
312 1490 430 1540 Ceus
453 1502 498 1540 et
520 1501 571 1540 nt
592 1491 781 1558 quisque
809 1489 849 1539 ei
876 1501 1018 1539 aetate
1039 1490 1270 1556 proximus
1290 1502 1367 1549 est,
1396 1491 1474 1557 qui
1495 1510 1546 1540 ea
1578 1510 1650 1541 ae·

154 1581 246 1621 mc
261 1569 431 1629 vixerit,
451 1588 567 1637 quae
589 1569 648 1619 ab
665 1568 886 1636 ejusmodi
908 1570 1190 1635 nugamentis
1212 1570 1250 1619 si
1269 1589 1358 1636 qua
1376 1570 1463 1620 alia
1484 1571 1650 1621 abhor-

154 1650 255 1701 ruit.
290 1650 352 1701 Ut
375 1650 596 1700 fateamur
611 1669 727 1718 quae
742 1668 813 1700 res
832 1635 912 1708 est,
932 1649 1178 1699 Simonidis
1197 1650 1395 1699 carmina
1412 1663 1647 1718 postquam

152 1728 217 1780 ab
239 1728 628 1799 Epigrammatum
653 1729 963 1780 collectoribus
989 1729 1177 1779 aliorum
1214 1742 1448 1797 poetarum
1487 1732 1646 1780 carmi-

150 1796 335 1860 mnibus
364 1821 409 1860 et
442 1828 597 1859 eorum
631 1809 813 1877 quidem
849 1810 942 1858 aevi
971 1810 1194 1860 inferioris
1214 1810 1445 1877 infimique
1473 1811 1646 1860 misceri

151 1900 308 1959 coepta
341 1901 470 1949 sunt,
505 1888 661 1939 eadem
695 1900 802 1939 sunt
833 1887 1063 1955 paullatim
1098 1888 1200 1938 labe
1234 1890 1448 1957 adspersa
1481 1908 1645 1957 pauca-

150 1986 241 2037 que
265 1980 384 2028 sunt,
419 1968 482 2019 ad
515 1987 630 2036 quae
664 1967 871 2034 contagio
904 1966 982 2017 illa
1015 1986 1200 2036 prorsus
1234 1988 1327 2018 ιιοιι
1362 1971 1645 2036 permanarit.

152 2046 294 2114 Quod
333 2067 425 2117 quo
470 2049 569 2115 jure
614 2065 847 2098 sumamus
879 2046 1079 2106 docebit,
1121 2046 1244 2115 quod
1287 2046 1355 2097 vel
1390 2047 1646 2115 Elegiarum

152 2125 341 2179 stunt-la
392 2139 630 2196 postquam
674 2146 812 2196 pravo
855 2126 1024 2194 judicio
1065 2127 1415 2196 Epigrammatis
1462 2147 1646 2179 accensa

149 2219 277 2267 sunt,
321 2225 605 2258 communem
638 2207 1008 2258 deformationem
1044 2227 1136 2257 non
1171 2220 1434 2275 postuerunt
1468 2209 1644 2260 subter-

152 2286 330 2353 fugere,
364 2306 403 2339 v.
439 2285 694 2354 Elegiarum
730 2286 826 2338 Frr.
860 2287 1058 2338 Lx1—
1078 2288 1234 2338 LXIV.

288 2365 757 2435 circumspicientibus
791 2379 938 2417 autem
974 2366 1128 2426 nobis,
1173 2385 1262 2435 qua
1297 2368 1368 2416 via
1402 2380 1496 2416 tuto
1532 2381 1645 2418 esset

150 2444 447 2496 incedendum
484 2446 531 2495 in
566 2445 740 2496 dialecti
773 2447 944 2496 ratione
979 2445 1286 2505 emendanda,
1331 2447 1413 2496 hae
1449 2466 1495 2495 se
1532 2446 1644 2496 osse-

151 2523 309 2575 rebant
343 2524 461 2591 leges
495 2537 544 2575 ut
577 2527 642 2576 rei
677 2539 862 2577 naturae
906 2526 991 2594 ipsi
1028 2525 1537 2586 accommodatissimae‚
1586 2527 1644 2576 ita

153 2603 213 2654 ad
246 2617 638 2655 monumentorum
674 2604 807 2655 fidem
846 2606 1035 2655 maxime
1071 2619 1363 2674 comparatae.
1413 2606 1529 2655 Nam
1565 2608 1641 2673 qui

151 2685 464 2753 proprietatem
501 2686 718 2735 sermonis
754 2686 812 2735 ita
851 2685 1098 2744 custodivit,
1133 2698 1183 2734 ut
1217 2686 1262 2734 in
1291 2684 1644 2734 Lacedaemonio
1727 2726 1743 2739 .

1312 2766 1369 2813 13
