1826 3080
854 84 973 120 xxw

718 205 824 252 οὐδὲ
856 204 908 252 τὸ
941 203 1115 264 γράμμα

316 286 490 347 ᾐδέσθη
524 283 576 331 τό
609 287 759 344 λέγον,
793 282 833 343 μ’
868 283 945 332 υἷα
978 283 1271 344 Λεωπρεπέος

252 372 425 412 κεῖσθαι
457 363 602 422 Κήϊον
643 361 794 423 ἄνδρα.
1004 391 1007 394 -

254 439 359 506 Κᾷτ’
395 441 532 490 εἰπὼν
565 439 669 489 ἅττα
703 442 905 500 ἐπιλέγει·

256 521 352 569 οὐδ’
387 519 545 581 ΐμέας,
580 520 880 577 Hel-idme,
910 518 1171 578 ὑπέτρεσεν,
1207 519 1258 563 οἵ
1283 533 1335 575 με
1368 514 1594 575 μελάθρου

320 602 555 660 μέλλοντος
588 603 760 645 πίπτειν
793 595 918 653 ἐκτός
949 598 1110 652 ἔθεσθέ
1144 613 1248 643 ποτε

258 677 536 736 δαιτυμόνων
570 674 659 724 ἄπο
694 681 892 736 μοῦνον,
929 673 1001 723 ὅτε
1034 673 1317 735 Κρανώνιος,
1354 675 1420 728 αἲ,
1456 675 1516 728 αἴ,

321 754 510 802 ὤλισθεν
544 755 760 815 μεγάλους
793 755 917 810 οἶκος
949 757 1021 802 ἐπὶ
1054 751 1308 806 Σκοπάδας.

320 911 395 959 VI.
462 912 563 958 Jam
599 923 834 977 postquam
868 911 1000 958 vitam
1026 921 1179 976 poetae
1209 907 1267 956 ad
1293 906 1427 955 finem
1454 905 1659 973 perduxi-

191 1009 311 1047 mus,
345 989 507 1055 quibus
542 989 1046 1054 {ue1'it'moribus‚=qua
1080 986 1228 1035 indole
1261 985 1416 1043 animi,
1450 1003 1662 1051 quaeren-

191 1067 298 1116 dum
335 1068 437 1126 erit,
471 1067 676 1133 deinceps
711 1067 770 1114 ad
803 1066 1074 1115 lustrandam
1112 1065 1265 1132 poesin
1299 1065 1440 1131 ipsam
1474 1062 1661 1128 gradum

192 1146 381 1194 facturis.
458 1146 658 1194 Primum
700 1146 747 1193 in
793 1165 844 1194 eo
889 1145 1141 1211 conspirant
1185 1162 1359 1213 omnes)
1405 1141 1481 1208 qui
1524 1140 1580 1190 de
1614 1160 1664 1188 eo

194 1236 517 1283 memorarunt,
558 1237 607 1272 ut
652 1243 751 1272 eum
793 1243 884 1273 non
927 1224 1138 1273 mediocri
1178 1223 1288 1271 lucri
1322 1218 1556 1288 cupiditate
1594 1239 1664 1269 ar-

192 1303 298 1353 sisse
333 1315 598 1368 coarguant:
645 1303 855 1350 nimirum
889 1303 1032 1363 κέρδει
1063 1306 1136 1350 καὶ
1170 1306 1308 1361 σοφία
1328 1301 1526 1356 δέδεται,
1560 1299 1664 1348 Pin-

193 1382 326 1430 darus
361 1382 431 1429 ait.
500 1381 572 1429 Ab
609 1381 697 1428 Ceo
731 1392 858 1446 poeta
893 1392 1104 1446 tanquam
1139 1399 1164 1428 a
1200 1380 1321 1428 fonte
1355 1397 1436 1427 sno
1469 1389 1668 1445 repetunt

194 1460 331 1525 pretia
364 1459 633 1508 carminibus
667 1472 815 1526 pacta:
852 1478 955 1507 nam
992 1477 1079 1523 qua
1105 1471 1206 1506 erat·
1228 1451 1495 1522 ingenuitate
1529 1455 1665 1504 animi

196 1539 287 1604 ipse
322 1538 502 1585 minime
537 1539 735 1584 omnium
772 1535 1089 1592 dissimulabatq
1125 1536 1209 1582 sibi
1244 1535 1455 1596 χρήματα,
1489 1533 1667 1593 χρήματ’

196 1613 337 1675 ἄνδρα
372 1633 484 1662 esse:
530 1614 674 1662 Schol.
710 1613 837 1662 Pind.
873 1613 1025 1662 Isthm.
1062 1613 1130 1670 II,
1165 1615 1207 1660 5.
1276 1617 1401 1669 Νῦν,
1437 1616 1570 1671 φησὶ,
1604 1632 1668 1671 μι-

197 1690 315 1740 σθοῦ
349 1693 636 1740 συντάττουσι
667 1691 775 1746 τούς
808 1694 1049 1746 ἐπινικίους
1074 1689 1254 1749 πρώτου
1274 1695 1533 1750 Σιμωνίδου
1563 1709 1667 1751 προ-

196 1773 535 1832 καταρξαμένου.
577 1802 634 1807 -
673 1774 805 1818 ἔνθεν
838 1773 911 1816 καὶ
942 1774 1243 1828 Καλλίμαχος·

732 1882 787 1929 οὐ
821 1880 904 1941 γάρ
940 1880 1113 1941 ἐργάτιν
1146 1883 1295 1942 τρέφω

348 1961 430 2022 τήν
464 1966 686 2017 Μοῦσαν,
723 1959 783 2019 ὣς
817 1959 840 2006 ὁ
877 1967 1009 2016 Κεῖος
1039 1959 1246 2019 Ὗλλίχου
1280 1962 1454 2016 νέπους.

200 2089 326 2146 Λέγει
372 2087 419 2133 δὲ
462 2084 724 2148 (Pindarus)
767 2087 903 2132 ταῦτα
946 2081 1061 2143 πρός
1093 2087 1376 2144 Σιμωνίδην,
1423 2084 1484 2140 ὥς
1517 2085 1671 2145 φιλάρ-

199 2183 338 2222 γυρον
373 2162 597 2229 διασύρων
631 2162 709 2210 triv
744 2161 907 2223 ἄνδρα·
943 2193 1003 2200 -
1048 2166 1257 2211 τοιοῦτον
1291 2165 1340 2211 δέ
1371 2183 1412 2211 τι
1445 2166 1518 2212 καὶ
1549 2162 1671 2212 Ἀνα-

199 2236 344 2301 κρέων
377 2245 520 2301 εἴρηκε
554 2242 648 2303 (Fr.
681 2242 853 2304 XXX..)

468 2350 563 2399 οὐδ’
600 2351 791 2413 ἀργυρέη
826 2351 978 2401 uoe'xot'
1014 2355 1175 2411 ἔλαμπε
1207 2353 1371 2400 Πειθώ.

202 2477 345 2539 Quem
395 2487 434 2524 et
494 2476 637 2542 ipsum
691 2476 931 2526 Simonidis
988 2488 1258 2541 argentatam
1312 2489 1451 2526 artem
1499 2486 1672 2525 notasse

203 2567 373 2679 prfieter
417 2554 705 2604 Scholiastam
750 2555 955 2609 intellexit
995 2557 1171 2607 Tzetzes
1217 2555 1343 2605 Chill.
1384 2555 1512 2613 VIII,
1559 2554 1669 2605 828.

168 2682 170 2684 a
202 2634 246 2697 (c
282 2671 288 2680 .
324 2635 386 2691 Χ,
423 2633 551 2696 786).
