1826 3080
912 124 1011 169 230

226 262 473 326 Aeginetae.
563 258 830 322 Quanquam
882 255 1056 324 Synesii
1106 258 1283 311 ἔπαινος
1326 256 1518 319 ἐνόρχου
1560 263 1691 320 κριοῦ

226 354 319 390 tum
376 341 582 389 aliorsum
635 348 829 403 spectare
888 333 1129 384 censendus
1179 335 1269 384 erit.
1348 337 1550 387 Ceterum
1590 357 1689 388 cum

227 420 542 485 significatione
585 416 680 474 illa,
735 434 822 482 qua
870 435 907 463 v.
953 416 1167 470 πέξασθαι
1210 415 1403 482 positum
1447 417 1690 477 staminum,

225 500 424 548 conferas
468 517 504 544 v.
550 501 780 556 κείρασθαι
820 493 947 558 (sich
985 492 1210 542 scheeren
1244 494 1451 561 lassm),
1497 497 1691 565 Euphor.

226 578 297 626 Fr.
334 578 499 634 XLIX,
534 580 577 624 2.
623 574 901 623 Ποσειδάωνι
935 576 1239 634 δαμασσαμὲνη
1272 577 1395 623 τέκεν
1417 575 1558 638 Ἀρνη
1592 576 1691 639 (da‘e

224 656 329 705 sich
363 655 499 704 hatte
535 654 952 717 ueberwaengen
986 654 1194 715 lassen),
1226 655 1348 721 quod
1381 656 1528 706 minus
1562 675 1690 707 accu-

225 750 315 785 rate
363 735 606 784 Meinekius
646 753 730 800 pro
772 738 1042 793 δαμασθεῑσα
1084 734 1249 783 dictum
1292 735 1436 784 sumit.
1505 735 1573 785 lta
1606 736 1691 786 ibi-

226 818 323 866 dem
361 817 487 873 LXI,
521 819 565 863 2.
613 813 768 872 Ἑλένη
804 813 875 872 ἶφι
906 815 1158 873 βιησαμένη.
1210 813 1338 862 Pind.
1373 815 1497 863 Nem.
1517 816 1595 875 VI,
1615 816 1690 866 19.

224 894 612 955 στεφανωσάμενοι
645 892 743 957 (die
771 890 878 940 sich
909 891 1080 940 hatten
1107 891 1352 944 kraenzen
1372 893 1579 962 lunen),
1613 895 1691 944 ubi

223 976 449 1025 Dissenius
485 975 587 1022 citat
607 972 936 1022 Mehlhornium
970 974 1015 1022 in
1041 973 1316 1038 Programm.
1344 974 1559 1043 Gymnas.
1582 974 1686 1025 Glo-

222 1057 411 1120 gaviens.
451 1054 591 1103 1828.

355 1149 431 1194 37.
468 1146 538 1193 Fr.
573 1144 761 1193 XXVII.
830 1146 1032 1194 Forsitan
1073 1150 1238 1193 Δίδωτι
1283 1141 1416 1194 δαῦτέ
1458 1146 1526 1196 vel
1559 1141 1692 1207 δηῦτέ

223 1223 267 1271 σ’
306 1225 471 1285 Ἑρμᾶς
511 1224 752 1284 ἐναγώνιος
797 1225 959 1272 servari
1005 1227 1187 1291 poterit,
1239 1226 1276 1274 si
1323 1237 1498 1292 poetam
1548 1245 1690 1293 ponas

222 1317 351 1351 cantu
386 1324 466 1370 per
498 1317 670 1371 tempus
705 1305 952 1353 intermisso
988 1304 1150 1370 alloqui
1185 1304 1350 1373 lyram:
1410 1307 1472 1352 Te
1519 1321 1691 1353 rursus

221 1385 493 1431 Mercurius
528 1382 658 1430 mihi
689 1384 742 1430 in
777 1401 954 1431 manus
989 1383 1093 1433 dat.
1139 1383 1241 1447 Quo
1275 1383 1464 1451 probato
1498 1403 1548 1433 ea
1578 1402 1690 1451 quae

221 1463 446 1511 adduntur
479 1465 625 1512 minus
660 1463 916 1512 offensionis
951 1463 1192 1522 habebunt,
1229 1464 1265 1512 si
1300 1464 1412 1512 forte
1443 1463 1690 1512 Mercurius

220 1542 310 1608 ipse
346 1542 513 1610 hymno
548 1542 896 1609 praedicabatur.
968 1543 1175 1591 Formam
1220 1546 1387 1600 δίδωτι,
1431 1561 1564 1610 quam
1599 1562 1688 1591 non

218 1634 463 1687 suspectam
498 1622 688 1670 habebat
723 1622 935 1670 Matthiae
971 1623 1047 1670 Gr.
1084 1623 1160 1670 Gr.
1200 1622 1246 1679 Ι,
1281 1642 1322 1689 p.
1355 1622 1488 1681 401„
1522 1622 1687 1671 Pinda-

219 1700 355 1747 ricum
390 1703 535 1759 ἐφίητι
568 1701 790 1749 vindiCare
826 1700 1008 1748 videtur.

350 1803 439 1859 46,
475 1802 499 1850 Ι.
541 1804 614 1851 17.
669 1802 993 1850 laudationis.
1047 1804 1188 1867 Lege:
1224 1801 1553 1850 laudationes.

351 1905 436 1960 67,
471 1903 496 1950 l.
538 1904 577 1950 1.
638 1908 892 1963 Σιμωνίδης
927 1916 1042 1952 certa
1078 1903 1240 1952 Valesii
1277 1916 1318 1952 et
1350 1905 1534 1954 Meursii
1557 1903 1686 1953 Attic.

215 1983 347 2029 Lectt.
383 1984 470 2039 lv,
507 1986 548 2031 7.
585 1995 649 2030 est
684 1983 952 2031 emendatio:
998 1983 1099 2030 libri
1134 1988 1302 2042 Σίμων.
1365 1982 1454 2030 Cfr.
1490 1983 1686 2032 Eustath.

219 2062 343 2108 Hom.
382 2062 547 2130 Odyss.
585 2063 648 2118 K,
695 2082 735 2128 p.
776 2064 926 2119 1653,
973 2063 1050 2111 31.
1097 2059 1198 2110 ‘'On
1231 2061 1585 2122 ὑποκοριστικῶν
1616 2061 1688 2110 τύ-

215 2160 292 2186 ποι
325 2141 550 2200 διάφοροι,
584 2145 723 2199 δῆλον
758 2143 805 2187 ἐκ
839 2145 929 2188 τῶν
961 2146 1175 2197 παλαιῶν,
1210 2141 1311 2200 παρ’
1349 2142 1415 2197 οἷς
1448 2149 1580 2189 κεῖται
1614 2145 1687 2188 καὶ

216 2220 460 2279 ἄρσενικῶν
494 2220 633 2274 τύπος
668 2219 691 2266 ὁ
736 2222 816 2279 μὲν
850 2218 959 2266 navo?
1003 2219 1054 2266 w*
1089 2221 1354 2279 πλεονάζον,
1403 2221 1502 2269 οἷον
1534 2220 1688 2281 ‘Homa-

216 2303 348 2345 στίων
380 2298 717 2358 “Ηφαιστίωνος,
756 2299 779 2346 ὁ
802 2297 1068 2359 ”Ηφαιστος,
1106 2299 1129 2346 ὁ
1167 2302 1213 2346 δὲ
1247 2299 1356 2348 navo?
1388 2299 1439 2348 τὸ
1469 2303 1687 2356 ἐλλεῖπον,

217 2378 314 2423 οἷον
343 2378 532 2437 Βάκχων
569 2380 810 2438 Βάκχωνος
844 2382 917 2425 καὶ
951 2383 1140 2437 Σίμων
1176 2384 1454 2438 Σίμωνος,
1491 2378 1515 2426 ὁ
1550 2386 1686 2428 Bax-

215 2462 451 2517 χυλίδης
486 2458 693 2518 δηλαδή
730 2463 819 2506 καὶ
854 2458 878 2506 ὁ
915 2463 1247 2517 Σιμωνίδης.

349 2549 422 2597 74.
456 2548 527 2596 Fr.
554 2551 626 2606 LI,
658 2554 701 2597 3.
723 2551 768 2597 4.
816 2551 988 2598 Revoca
1026 2550 1286 2615 scripturam
1321 2549 1534 2598 librorum
1565 2545 1629 2594 οὐ
1640 2548 1683 2592 δ’

215 2627 434 2686 ἄφθιτον,
473 2628 591 2675 οὐδ’
626 2628 871 2676 α’κίνδυνον
907 2648 976 2678 me
1012 2629 1145 2676 invito
1181 2629 1409 2677 desertam.

350 2722 422 2767 76.
462 2720 531 2768 Fr.
556 2720 680 2768 LIII.
731 2720 1000 2768 Welckerus
1035 2719 1141 2768 haec
1171 2720 1229 2767 ita
1255 2719 1414 2785 scripta
1442 2717 1533 2780 (Fr.
1556 2715 1684 2778 III.):
