1826 3080
918 122 983 166 52

862 274 1018 322 VIII.

655 382 1232 427 AJoYPAMBOI.

338 486 645 554 Dithyrambis
677 489 722 535 in
749 489 960 539 honorem
985 491 1147 540 Bacchi
1174 511 1199 540 a
1225 492 1542 558 quinquaginta
1568 494 1671 542 cho-

205 566 338 613 reutis
374 585 473 614 cum
509 566 737 616 saltatione
771 570 952 618 cantatis
988 589 1086 619 cum
1106 573 1220 620 Laso
1245 573 1551 620 Hermionensi
1579 588 1669 622 cer'-

177 656 316 711 ‘tasse
350 657 522 710 poetam
561 646 696 694 Ceum
732 647 915 696 Athenis
960 668 1093 716 supra
1129 650 1359 699 docuimus
1393 651 1592 716 Prolegg.
1627 671 1669 719 p.

204 725 276 770 IX.
322 721 657 790 Quinquaginta
691 746 766 775 sex
799 728 1000 777 victorias
1033 749 1056 778 e
1089 730 1401 779 certaminibus
1424 731 1669 799 dithyram-

202 803 310 851 bicis
346 816 590 869 reportasse
625 806 834 864 eundem,
876 808 1011 874 ipsius
1053 809 1347 857 testimonium
1389 808 1523 858 fidem
1567 809 1670 857 facit

199 883 349 949 Epigr.
375 884 503 931 CCII.
538 885 784 951 proditum,
819 905 1005 952 quarum
1041 906 1198 952 agmen
1232 887 1396 935 claudit
1428 907 1501 945 ea,
1535 906 1669 954 quam

199 963 465 1026 octogesimo
509 965 659 1012 aetatis
706 983 824 1013 anno
869 978 1045 1014 nactum
1088 986 1135 1015 se
1179 986 1270 1016 esse
1303 979 1486 1016 testatur
1516 968 1665 1034 Epigr.

198 1042 347 1089 CCIII.
413 1044 464 1090 In
510 1044 670 1109 quibus
714 1045 981 1093 carminibus
1029 1058 1203 1112 poetam
1255 1065 1346 1094 non
1391 1046 1669 1095 mediocriter

195 1120 512 1170 debacchatum
560 1124 619 1171 ait
667 1125 888 1173 Himerius
933 1125 1055 1173 Orat,
1092 1124 1188 1181 Ill,
1227 1126 1267 1172 1.
1313 1144 1349 1172 v.
1384 1125 1586 1190 Prolegg.
1620 1146 1663 1193 p.

198 1200 333 1247 XLII.
391 1202 551 1249 Dorios
586 1203 804 1251 Aristonis
838 1203 992 1268 Argivi
1025 1202 1256 1263 καθαρούς
1288 1202 1455 1259 αὐλούς
1486 1216 1535 1252 ut
1568 1203 1662 1252 lau-

194 1279 270 1326 dat
311 1280 404 1345 ipse
445 1281 596 1347 Epigr.
642 1283 789 1340 CCV.‚
842 1283 902 1331 ita
948 1283 1086 1349 ipsius
1129 1282 1435 1351 dithyrambos
1480 1283 1663 1331 Doriam

192 1359 469 1407 harmoniam
505 1361 710 1409 habuisse
745 1359 1033 1426 probabiliter
1065 1362 1355 1410 statuerimus.
1407 1362 1486 1410 Ad'
1513 1363 1561 1410 id
1587 1381 1662 1427 ge-

192 1458 273 1487 nus
309 1440 553 1488 carminum
588 1441 804 1489 rettuleris
839 1441 932 1488 Frr.
970 1441 1124 1488 Incert.
1162 1440 1389 1488 LXXVII.
1426 1442 1556 1489 CXX.
1595 1441 1629 1490 I.

321 1518 429 1566 Erat
463 1519 583 1568 aliud
610 1539 749 1584 genus
776 1519 1174 1586 dithyramborum‚
1208 1538 1396 1584 quorum
1426 1538 1660 1585 argumen-
1743 1575 1750 1579 ,

190 1610 279 1645 tum
316 1598 573 1647 versabatur
613 1599 660 1646 in
706 1598 866 1646 fabulis
908 1598 1114 1654 heroicis,
1157 1599 1318 1663 quibus
1353 1618 1452 1647 cum
1487 1599 1658 1666 Diony—

186 1677 300 1724 siaca
337 1677 545 1741 religione
579 1676 796 1742 quaedam
831 1677 1115 1725 intercederet
1148 1678 1372 1741 cognatio,
1415 1698 1450 1725 v.
1487 1673 1657 1727 Dissen.

190 1755 312 1802 pind.
350 1774 390 1821 p.
429 1757 560 1812 625„
602 1755 799 1804 Mueller.
843 1756 979 1822 Epist.
1023 1767 1122 1804 ante
1157 1755 1343 1824 Ibycum
1378 1776 1419 1822 p.
1455 1758 1529 1804 XI.
1599 1759 1658 1804 Ut

186 1835 406 1882 Xenocriti
426 1835 656 1883 Locrensis
691 1835 898 1892 carmina,
935 1853 1046 1901 quae
1072 1835 1244 1883 fabulas
1270 1836 1467 1884 heroicas
1497 1847 1655 1884 tracta-

184 1913 304 1970 bant,
339 1932 364 1960 a
399 1912 665 1978 quibusdam
702 1913 1087 1981 dithyramborum
1121 1915 1299 1963 nomine
1323 1913 1538 1981 appellata
1569 1927 1654 1963 tra—

184 1993 246 2040 dit
280 1992 500 2040 Plutarch.
537 1992 592 2040 de
626 1994 741 2041 Mus.
778 1995 829 2040 X.
900 1993 1060 2057 Qualia
1096 1994 1289 2042 carmina
1323 2005 1365 2042 et
1399 2012 1424 2041 a
1459 1993 1653 2042 Pindaro

183 2085 218 2118 et
268 2072 323 2119 ab
373 2071 600 2120 Simonide
658 2074 898 2139 composita
952 2073 1362 2137 tragoediarum
1417 2073 1652 2141 lyricarum

185 2151 359 2197 nomine
394 2150 599 2199 videntur
632 2151 837 2216 insignita
873 2151 1029 2200 fuisse:
1065 2152 1120 2200 de
1149 2171 1334 2218 quarum
1360 2153 1526 2200 ratione
1557 2151 1653 2200 licet

183 2228 318 2276 multa
354 2229 558 2294 variaque
606 2248 630 2276 a
666 2230 768 2278 viris
803 2230 942 2278 doctis
977 2230 1197 2296 disputata
1231 2231 1342 2290 sint,
1389 2232 1470 2279 hoc
1516 2250 1649 2279 unum

182 2308 351 2356 videtur
397 2321 561 2356 certum
607 2320 647 2356 et
691 2309 985 2375 exploratum,
1032 2311 1258 2358 exstitisse:
1303 2310 1445 2377 qualia
1492 2310 1652 2358 fuerint

180 2387 422 2452 opinaturis
458 2386 752 2453 relinquimus.
825 2390 922 2436 Huc
958 2388 1212 2437 referendus

216 2535 301 2569 XLI.
373 2529 657 2570 ΜΕΜΝΩΝ
677 2527 1086 2572 ΔΙΘΥΡΑΜΒΟΣ
1115 2531 1243 2572 ΤΩΝ
1263 2530 1612 2572 ΔΗΛΙΑΚΩΝ.

312 2624 474 2673 Strabo
508 2627 616 2682 XV,
650 2645 695 2692 p.
735 2628 855 2684 728,
889 2627 940 2674 Β.
995 2629 1173 2684 Λέγεται
1204 2626 1360 2690 (Susa)
1393 2628 1466 2671 καὶ
1495 2628 1649 2684 κτίσμα

180 2709 386 2751 Τιθωνοὶ
427 2708 508 2750 τοῦ
542 2707 784 2764 Μέμνονος
819 2705 1002 2765 πατρός·
1045 2736 1100 2741 -—
1146 2704 1173 2763 ἡ
1211 2705 1247 2750 δ’
1282 2704 1524 2763 ἀκρόπολις
1557 2706 1647 2750 ἐκα-
