1826 3080
931 123 961 169 6

147 258 176 304 3
213 254 260 301 in
293 253 486 303 secundo
520 253 617 303 loco
650 254 898 321 spondeum
930 257 1088 322 posuit.
1133 258 1507 320 Ἀντιστρέφει·”.ὂὲ
1530 260 1652 326 αὐτῷ
1665 281 1695 320 ·,

630 366 950 428 Ἀποτρέποισα
982 371 1146 430 Κῆρας.

214 489 405 539 Alcman
451 502 595 539 autem
640 490 686 538 in
729 491 874 558 primo
912 491 978 557 (h.
1014 511 1049 541 e.
1090 493 1136 542 in
1183 495 1327 561 primo
1370 495 1487 546 libro
1518 498 1676 549 earmi-

211 571 339 633 num)
383 569 677 618 catalecticum
721 569 964 619 trimetrum
1011 572 1113 635 fecit
1154 572 1389 624 habentem
1433 576 1479 624 iu
1521 589 1676 643 quarto

210 648 307 696 loco
342 648 476 696 modo
510 648 733 707 iambum,
777 649 910 698 modo
953 652 1221 718 spondeum,
1268 654 1349 702 sic:
1391 654 1678 716 Nsomivoeoaet

211 729 456 788 παρθένοις
497 727 658 775 ἆεῐδεν·
694 732 782 775 Καὶ
813 727 920 785 ναός
940 729 1079 790 ἁγνᾶς
1102 731 1308 793 εὐπύργω
1336 738 1613 795 θεραπαίνας
1624 740 1675 798 ὃ)

144 806 176 853 4
211 807 265 854 In
300 818 455 872 quarto
490 806 585 855 loco
619 807 864 873 spondeum
900 809 1043 858 habet.
1111 811 1343 861 Similiter:

410 922 631 979 Χέρσονδε
663 919 823 980 κωφόν
856 924 905 968 ἐν
940 922 1125 982 φύκεσσι
1159 932 1306 971 πιτνεῐ.

411 1042 516 1054 ——U
555 1043 709 1054 ——u——
749 1044 903 1055 —u-——

208 1133 364 1187 quarto
398 1122 494 1170 loco
528 1123 773 1189 spondeum
809 1125 977 1191 posuit:
1021 1145 1125 1175 nam
1169 1131 1235 1187 φῦ
1277 1126 1536 1193 producitur
1567 1139 1673 1176 teste

208 1201 468 1259 Heliodoro,
503 1202 579 1268 qui
613 1203 672 1250 ait
706 1203 980 1252 Simonidem
1013 1204 1096 1253 hoc
1131 1205 1380 1272 frequenter
1411 1206 1599 1255 facem«

339 1282 539 1329 Primum
572 1293 614 1329 et
648 1282 830 1330 alterum
866 1283 1100 1332 frustulum
1134 1304 1226 1333 non
1257 1285 1437 1343 iambis,
1470 1285 1548 1334 sed
1581 1298 1673 1334 tro-

208 1355 366 1408 chaicis
394 1360 586 1426 dipodiis
616 1373 794 1409 constat.
837 1362 986 1410 Codex
1019 1364 1312 1412 Lindemanni
1330 1363 1574 1424 ἕβόμβησεν
1596 1372 1675 1411 θα.

205 1439 378 1493 λοέσσας.
416 1440 497 1487 Cui
522 1439 848 1506 respondebant
873 1442 919 1488 in
939 1442 1223 1509 antistropha,
1257 1443 1381 1506 (nam
1402 1442 1534 1492 verba
1555 1443 1673 1490 ἄντι-

206 1522 381 1579 στρέφει
416 1521 461 1565 δὲ
496 1519 616 1582 αὐτῷ
653 1538 703 1567 ex
727 1520 896 1568 Graeco
921 1521 1148 1570 Heliodori
1183 1523 1366 1571 servavit
1388 1522 1672 1586 Priscianus),

204 1617 315 1663 quae
360 1599 595 1664 depravata
637 1610 860 1663 praestant
902 1598 1024 1647 libri:
1070 1600 1362 1649 Lindemanni
1397 1600 1533 1649 codex
1567 1599 1674 1648 ἀπυ-

203 1676 408 1736 τρέπουσ’
443 1681 481 1722 εἰ
514 1681 664 1737 κῆρας,
698 1676 840 1724 Aldus
875 1676 1215 1739 ἅποτρέπουσαν
1247 1684 1404 1740 κῆρας,
1438 1680 1671 1729 Putschius

205 1750 473 1816 ἅποτρέποιζ
505 1757 551 1801 εἶν
576 1760 738 1816 κῆρας,
782 1757 969 1805 Ursinus
1004 1756 1348 1818 οἷποστρέφουσα
1379 1762 1526 1819 κῆρας.
1597 1759 1670 1807 De

202 1835 378 1900 navigio
413 1836 529 1883 dicta
563 1847 669 1901 puta
703 1835 993 1884 barbarorum
1036 1837 1248 1903 impetum
1290 1838 1457 1886 fortiter
1487 1837 1670 1904 propul-

202 1927 335 1962 sante.
415 1914 598 1963 Godofr.
645 1916 924 1963 Hermannus
974 1916 1163 1982 Opuscc.
1212 1917 1282 1974 II,
1329 1936 1370 1983 p.
1407 1919 1518 1966 261.
1543 1916 1670 1963 *vixo-

200 1996 421 2053 τρέπουσα
469 2014 523 2042 an
559 1993 899 2054 ἄποτρέπουσαν
945 2014 1095 2048 verum
1131 1995 1185 2043 sit
1219 1995 1415 2044 fluctuat:
1463 2009 1666 2045 neutrum

201 2093 314 2121 vero.

332 2153 529 2199 Tertium
566 2152 858 2216 fragmentum
895 2152 952 2200 ab
986 2152 1231 2202 Welckero
1265 2152 1462 2202 Alcman.
1510 2171 1552 2220 p.
1591 2154 1664 2203 18.

197 2230 401 2278 Alcmani
444 2249 672 2279 accensum
718 2231 960 2280 Simonidis
1005 2243 1068 2280 est
1112 2244 1152 2280 et
1193 2233 1350 2299 ipsum.
1418 2234 1530 2281 Nam
1552 2233 1665 2281 ›Pri—

263 2337 394 2344 ,φ’-..-

530 2339 596 2346 ἡ..

239 2386 269 2431 ³)
293 2384 473 2421 Alcmanis
496 2384 614 2420 locum
638 2385 711 2420 aliis
733 2386 890 2422 sontibus
913 2386 1044 2423 collatis
1067 2387 1114 2423 ita
1138 2388 1286 2424 restituit
1309 2387 1551 2429 Hermannus:

463 2449 576 2492 Mufo',
601 2449 671 2494 ἄγε,
696 2455 812 2489 Μῶσα
834 2455 961 2496 uram,

465 2508 652 2547 πολιιμελὶς
675 2506 800 2547 αόιδᾶς
822 2510 924 2549 μέλος

461 2563 600 2608 νεοχμὸν
623 2562 707 2612 ἄρχε
732 2568 918 2613 παρθένοις
939 2564 1062 2600 αἐἰδεν.

284 2643 475 2692 Sequentia
499 2643 547 2679 ita
570 2643 755 2679 nobiseum
779 2645 952 2694 corriges:
977 2646 1080 2679 Kat-

461 2725 519 2756 καὶ
540 2719 620 2760 ναὸς
643 2718 764 2765 α’γνός
786 2721 942 2771 ειῗπύργω
966 2723 1157 2771 Θεράπνας.
