1826 3080
776 161 777 164 ,
797 124 919 162 xxlx

126 250 304 303 OEVII.
348 250 480 301 vul.
533 248 695 314 insigni
741 247 976 316 praeconio
1018 246 1300 305 condecorat,
1347 260 1390 298 et
1437 270 1594 301 uxores

125 346 278 383 eumn
311 348 396 397 pro
426 330 649 378 communi
675 329 886 377 Graeciae
920 326 1058 376 salute
1091 326 1396 376 ardentissima
1422 329 1480 378 ad
1509 333 1593 379 Ve-

126 427 275 461 nerem
293 426 419 458 suam
434 419 532 456 vota
555 407 804 473 concepisse
823 406 1038 471 significat
1053 405 1381 473 Epigrammate
1399 407 1594 458 CXCIV.

125 487 276 554 Quam
309 486 693 536 cummutationem
728 486 900 553 pristini
944 485 1036 534 odii
1078 504 1168 535 non
1211 485 1401 536 defuisse
1442 487 1594 537 viden-

124 578 221 626 tur,
253 565 333 634 qui
361 565 621 614 muneribus
655 564 928 613 conciliatam
965 563 1221 614 clamarent:
1256 584 1361 615 nam
1396 566 1500 617 hinc
1518 567 1596 617 de·

125 663 256 696 mun
283 644 554 713 explicantur
586 656 723 701 recte,
769 661 881 710 quae
914 661 967 692 ex
1001 642 1199 708 Elegia
1185 661 1232 692 m
1264 662 1460 712 pugnam
1495 647 1597 696 Pla-

125 733 345 778 m
377 724 538 791 scripta
573 733 756 772 aetatem
792 721 1005 771 tulerunt·
1038 721 1138 770 vide
1172 741 1283 788 quae
1318 724 1509 775 diximus
1539 726 1598 775 ad

127 805 222 854 Fa
240 802 430 869 Elegiar.
474 803 591 851 le„
667 803 783 850 Hinc
824 801 883 849 ab
923 801 977 849 iis
1018 813 1199 850 vocatur
1231 803 1276 850 in
1310 816 1476 869 partes,
1521 805 1598 871 qui

128 882 389 934 &rodum
442 881 727 947 malignitatis
786 880 1073 938 incusabant,
1132 880 1399 940 Plutarcho,
1455 884 1599 932 Dione

127 959 456 1031 ffi'ytoetomo.
526 961 652 1025 Quas
686 960 780 1009 lites
814 960 889 1026 qui
925 978 1187 1026 componere
1219 959 1355 1018 volet,
1388 963 1600 1012 memine-

127 1041 185 1091 rit
213 1050 398 1109 oportet,
433 1040 707 1089 Herodotum
741 1038 1074 1088 Atheniensium
1108 1050 1267 1105 partes,
1305 1040 1462 1088 civium
1497 1060 1599 1090 suo-

127 1136 248 1178 rum,
306 1120 430 1186 sequi
481 1119 642 1178 solere,
694 1131 845 1186 utpote
895 1118 1079 1167 istorum
1134 1119 1223 1167 sere
1274 1119 1601 1169 narrationibus

127 1198 355 1248 edoctum:
413 1197 671 1265 sepulcralia
722 1217 824 1247 vero
878 1209 1162 1246 monumenta
1212 1197 1278 1245 vel
1324 1199 1601 1247 anathemata

126 1278 326 1328 omnium
359 1277 497 1327 oculis
530 1278 722 1343 exposita
756 1289 806 1325 ut
838 1295 908 1325 res
941 1289 1084 1342 gestas
1119 1277 1432 1334 exornaverint,
1467 1277 1602 1340 (velut

128 1357 279 1424 Bpigr.
315 1357 509 1405 CCXIV.
569 1356 748 1404 Milonis
782 1356 1060 1403 Crotoniatae
1094 1368 1256 1422 septem
1294 1355 1507 1420 gloriatur
1540 1358 1601 1404 vi-

129 1435 312 1493 ctorias,
353 1435 429 1500 qui
474 1434 611 1483 sexies
654 1450 869 1482 consensu
905 1433 1100 1498 judicum
1135 1434 1328 1482 vicisset:
1372 1435 1602 1501 septimam

129 1513 215 1563 sibi
258 1513 479 1578 arrogavit
525 1513 639 1579 ipse,
690 1525 732 1561 et
772 1531 863 1561 non
912 1512 1136 1562 illiberalis
1180 1526 1308 1580 poeta
1352 1515 1498 1573 Ceus.)
1543 1516 1603 1563 ita

127 1591 306 1642 cosdem
347 1589 405 1639 de
449 1609 531 1639 suo
581 1591 831 1655 confingere
882 1593 1020 1657 poetis
1072 1593 1253 1658 impune
1297 1612 1388 1640 non
1434 1594 1601 1642 licebat„

129 1668 261 1719 Unde
292 1688 466 1719 summa
502 1669 725 1735 diligentia
761 1668 1015 1719 adhibenda
1049 1683 1134 1728 est,
1179 1690 1234 1719 ne
1277 1671 1459 1720 alterum
1495 1672 1603 1721 dum

129 1768 158 1800 a
186 1748 420 1798 mettdacio
455 1748 671 1805 vindices,
705 1748 910 1813 injuriam
947 1749 1081 1797 facias
1115 1749 1251 1798 alteri.
1299 1751 1390 1799 Nos
1425 1751 1602 1817 quidem

130 1827 404 1878 Herodotum
439 1828 555 1876 bona
591 1826 678 1876 fide
711 1827 925 1876 rettulisse
957 1828 1244 1886 arbitramur,
1279 1847 1392 1895 quae
1427 1848 1452 1877 a
1486 1830 1603 1879 testi-

129 1906 216 1957 bus
253 1907 347 1956 suis
388 1907 641 1974 accepisset:
691 1918 739 1955 ut
788 1907 881 1973 ipse
934 1907 1223 1956 Adimantum
1276 1908 1603 1958 Corinthiorum

129 1985 287 2037 ducem
329 2004 380 2035 ex
423 1987 531 2051 tuga
575 1985 800 2034 revertisse
841 1997 941 2051 post
974 1985 1260 2035 Salaminiam
1295 1987 1518 2035 victoriam
1555 2006 1605 2036 ex

130 2052 219 2114 {ide
261 2065 592 2115 Atheniensium
638 2064 815 2122 scribit,
860 2064 1046 2114 candide
1089 2066 1282 2114 addens:
1343 2065 1412 2114 Οὐ
1457 2068 1607 2125 μέντοι

132 2148 374 2202 Κορίνθιοι
407 2143 749 2203 ὁμολογέουσιν,
797 2142 910 2190 ἀλλά
942 2146 993 2191 ἐν
1026 2144 1237 2204 πρώτοισι
1272 2148 1411 2205 σφέας
1443 2144 1608 2200 αὐτοῦς

135 2227 216 2282 τῆς
230 2228 475 2282 ναυμαχίης
490 2228 721 2282 νομίζουσι
744 2225 971 2283 γενέσθαι.
1011 2231 1289 2283 μαρτυρεῖ
1311 2227 1370 2271 δέ
1395 2240 1494 2284 σφι
1517 2229 1607 2271 καὶ

135 2299 161 2360 ἡ
188 2298 325 2361 ἄλλη
347 2299 551 2358 Ἑλλάς,
574 2301 705 2359 vul,
723 2302 815 2359 94„
832 2301 899 2352 cll.
935 2301 1154 2351 Plutarch.
1175 2302 1231 2352 de
1247 2303 1410 2352 Herod.
1423 2303 1606 2368 Malign.

135 2400 177 2447 p.
220 2380 344 2438 870,
385 2382 435 2429 B.
488 2380 707 2447 iidemque
748 2379 965 2430 Simonidi
1018 2399 1244 2430 censemus
1285 2400 1374 2430 non
1420 2381 1605 2430 liberum

128 2459 267 2508 'fuisse
300 2459 490 2509 scribere
522 2478 635 2526 quae
675 2460 815 2526 quivis
851 2461 1122 2508 Graecorum
1165 2461 1365 2509 vanitatis
1400 2462 1609 2527 potuisset

135 2555 382 2603 coarguere.
465 2537 609 2587 Veluti
652 2555 806 2588 caussa
850 2557 938 2586 non
973 2537 1144 2587 videtur
1177 2557 1270 2587 esse
1303 2539 1488 2596 idonea,
1531 2558 1610 2588 cur

135 2634 247 2683 quae
281 2616 336 2666 de
371 2617 622 2665 Democrito
643 2618 881 2667 Naxiorum
918 2617 1029 2666 duce
1062 2618 1182 2684 apud
1218 2618 1484 2667 Salaminem
1517 2619 1607 2668 sor-

135 2694 303 2745 tis-imo
346 2707 474 2762 poeta
525 2694 675 2762 Epigr.
728 2695 921 2745 cxcln.
975 2696 1259 2763 praedicavit,
1314 2698 1607 2747 commentitia
