1826 3080
887 123 985 172 118

605 259 747 307 Οὐδὲ
782 262 951 313 καλᾶς
985 261 1188 318 σοφίας
1219 258 1395 319 χάρις,

402 345 448 387 εἰ
481 340 549 400 μή
582 359 661 394 τις
695 341 809 398 ἔχει
844 335 1055 397 σεμνᾰν
1087 336 1319 397 ΰγίειαν.

198 579 313 626 Nam
365 576 598 637 ‘chac'vew
651 577 732 636 μὲν
785 573 968 637 ἄριστον
1027 574 1159 636 ἀνδρὶ
1207 577 1388 640 θνατῷ,
1442 567 1556 626 scol.
1599 574 1678 624 Fr.

197 658 346 715 XLII,
398 658 437 704 1.
517 655 693 723 Scripta
737 655 866 714 haec,
911 668 961 704 ut
1001 656 1216 722 conjicere
1257 655 1378 715 licet,
1420 655 1479 705 ad
1522 654 1682 705 Hiero—

199 756 299 785 nem
334 736 556 785 interdum
592 735 752 784 morbo
785 747 1012 785 tentatum.

865 884 1008 921 cxvll.

332 974 587 1024 Heraclides
622 975 790 1026 Pontic.
827 974 986 1024 Athen.
1023 975 1138 1033 XII,
1172 993 1213 1042 p.
1252 974 1376 1033 512,
1411 973 1458 1022 C.
1513 975 1610 1029 Καὶ
1641 978 1689 1021 οἱ

200 1055 527 1115 φρονιμώτατοι
571 1057 618 1101 δὲ
638 1058 734 1116 ,καὶ
775 1059 978 1115 μεγίστην
1020 1054 1158 1111 δόξαν
1203 1056 1275 1101 ἐπὶ
1326 1058 1465 1117 σοφίᾳ
1509 1055 1685 1113 ἔχοντες

197 1136 400 1192 μέγιστον
433 1132 610 1193 οἷγαθὸν
655 1133 737 1194 τήν
775 1133 949 1195 ἡδονήν
981 1135 1096 1182 εἶναι
1127 1139 1406 1195 νομίζουσιν·
1443 1135 1684 1193 Σιμωνί-

200 1218 294 1272 δης
326 1215 408 1273 μὲν
443 1213 609 1261 οὑτωσὶ
640 1217 806 1274 λέγων·

337 1298 431 1348 Τίς
464 1292 565 1355 γάρ
601 1293 811 1349 ἁδονᾶς
843 1291 972 1354 ἄτερ

332 1377 552 1432 θνατῶν
583 1378 711 1434 βίος
745 1370 1024 1428 ποθεινός
1054 1370 1083 1432 ἢ
1120 1375 1250 1420 ποία
1283 1376 1570 1434 τυραννίςς

331 1457 427 1509 τᾶς
461 1453 504 1500 δ’
541 1452 664 1515 ἄτερ
701 1452 830 1501 οὐδὲ
862 1456 1010 1500 θεῶν
1045 1450 1290 1509 ζαλωτὸς
1323 1450 1469 1499 αἰών.

335 1644 539 1660 --υ-σ
579 1646 731 1658 -ν--
773 1642 925 1658 -ν-ῧ·

200 1774 385 1817 Θνατῶν
428 1783 470 1818 et
513 1769 706 1827 ζαλωτός
748 1770 898 1837 Steph.
946 1781 988 1818 et
1031 1768 1204 1817 Ursin.:
1251 1768 1384 1834 vulgo
1419 1773 1602 1829 θνητῶν
1645 1782 1686 1819 et

197 1850 401 1909 ζηλωτός.
472 1851 546 1899 Ad
580 1863 821 1920 tyrannum
857 1851 964 1898 haec
1000 1849 1162 1916 scripta
1198 1849 1353 1913 fuisse,
1387 1851 1597 1909 τυραννὶς
1621 1848 1685 1898 al-

199 1931 330 1979 terius
365 1929 566 1979 versiculi
602 1930 769 1996 arguit:
817 1929 980 1996 optime
1014 1928 1236 1995 quadrant
1269 1929 1315 1976 in
1351 1928 1592 1978 Hieronem
1626 1928 1686 1977 ad

198 2010 416 2058 tristitiam
460 2011 595 2058 animi
637 2011 906 2077 proniorem.
986 2007 1197 2056 Similiter
1244 2007 1432 2057 eundem
1482 2008 1685 2057 cohorta-

199 2101 270 2137 tur
304 2090 525 2139 Pindarus
561 2091 682 2157 apud
717 2090 819 2139 Ath.
857 2089 882 2138 l.
921 2108 954 2137 c.
998 2087 1132 2149 (Scol.
1169 2089 1238 2136 Fr.
1276 2089 1368 2145 92,
1408 2089 1471 2153 1.)
1525 2091 1686 2136 Πίνᾶα·

200 2189 280 2229 ρος
314 2174 544 2230 παραινῶν
575 2170 744 2230 Ἱέρωνι
777 2172 839 2233 τῷ
875 2172 1207 2230 Συρακουσίων
1241 2166 1444 2229 ἄρχοντι·

401 2251 530 2308 Μηδὲ
563 2250 740 2309 μαύρυυ
774 2251 930 2309 τέρψιν
965 2249 1014 2294 ἐν
1046 2251 1152 2310 βίῳ·
1189 2247 1308 2295 πολύ
1341 2266 1409 2293 τοι

399 2331 636 2389 φέρτιστον
669 2329 801 2389 ἀνδρὶ
833 2325 1022 2389 τερπνός
1055 2326 1175 2373 αἰών.

862 2476 1023 2512 CXVIII.

333 2567 489 2616 Theon
525 2568 867 2637 Progymnasm.
902 2586 944 2634 p.
975 2567 1051 2614 63.
1088 2570 1324 2641 Elataspo‘z?=
1358 2570 1561 2624 παραινεῖ
1594 2570 1686 2610 Σι-

196 2651 440 2705 μωνίδης
475 2652 644 2702 παίζειν
679 2650 729 2693 ἐν
749 2641 823 2711 ’τῷ
859 2651 946 2709 βίῳ
977 2649 1050 2692 καὶ
1078 2649 1178 2707 περὶ
1205 2647 1343 2704 μηδὲν
1371 2643 1523 2697 ἅπλῶς
1553 2656 1686 2693 σπου,

197 2724 353 2780 δάζειν.
409 2727 575 2775 Confer
607 2726 810 2792 Prolegg.
846 2747 889 2794 p.
925 2727 1104 2774 XXXV.
