1826 3080
892 135 989 183 134

198 267 473 316 orationis
518 286 624 315 non
671 267 854 317 fucata
901 269 1245 336 simplicitas
1299 285 1349 320 et
1397 276 1676 326 naturalis

196 346 466 412 quaedam
503 347 782 411 elegantia
819 360 984 415 atque
1019 350 1361 416 pulcritudo.
1431 354 1545 405 Sunt
1579 375 1676 406 car-

195 426 340 485 mina,
375 446 487 493 quae
522 427 737 491 originem
773 447 898 476 suam
934 428 1176 479 luculenter
1208 432 1402 498 prodant
1434 453 1510 494 eo,
1554 437 1676 504 quod

194 518 236 554 et
279 506 394 554 intra
437 506 679 573 simplicem
724 508 969 557 consistunt
1012 511 1244 560 nominum
1286 515 1676 576 enumerationem,

193 605 335 651 neque
370 586 609 634 hexametri
645 586 807 635 heroici
842 588 1053 647 terminos
1089 591 1327 650 excedunt,
1372 593 1490 644 velut
1521 594 1676 663 Epigr.

194 665 389 713 CCXVI.
1027 729 1031 733 “

258 741 586 803 Κρής”Αλκων
620 749 813 806 Διδυμεῖ
840 751 995 812 Φοίβῳ
1030 751 1194 809 στέφος
1211 749 1384 812 Ἴσθμι’
1420 751 1536 802 ἑλῶν
1569 753 1673 812 πύξ.

191 823 340 889 Epigr.
379 823 617 871 CLXXXI.
1703 819 1709 825 ¹

256 906 391 961 Σᾶμα
425 903 526 950 τόδε
561 908 794 965 Σπίνθηρι
827 905 972 967 πατήρ
1007 909 1197 967 ἐπέθηκε
1231 910 1432 958 θανόντι.

190 981 367 1045 Quibus
402 982 528 1031 valde
563 984 723 1032 similia
760 997 865 1033 sunt
897 986 1048 1053 Epigr.
1086 988 1214 1036 CCX.

253 1065 422 1122 Πατρὶς
454 1063 535 1121 μὲν
569 1063 803 1125 Κόρκυρα,
841 1069 994 1112 Φίλων
1029 1065 1066 1113 δ’
1102 1066 1242 1128 ὄνομ’,
1276 1073 1363 1129 εἰμὶ
1393 1070 1441 1117 δὲ
1463 1069 1674 1119 Γλαύκου

357 1140 480 1198 Ticis,
516 1146 590 1189 καὶ
623 1148 731 1191 νικῶ
767 1142 857 1201 πύξ
890 1145 967 1192 δύ’
1001 1145 1316 1207 Ὀλυμπιάδας.

185 1221 337 1287 Epigr.
375 1223 623 1270 CCXVIII.

257 1302 407 1362 Γράψε
442 1302 761 1362 Πολύγνωτος,
799 1303 968 1359 Θάσιος
998 1307 1149 1365 γένος,
1174 1305 1528 1367 ,Ἀγλαοφῶντος

354 1380 477 1439 Υἱὸς,
514 1385 801 1443 περθομέναν
834 1384 968 1431 Ἰλίου
1001 1384 1262 1446 ἀκρόπολιν.

184 1461 312 1509 Adde
348 1462 502 1510 CCXI.
540 1463 720 1513 CCXII.
789 1463 918 1528 Quae
952 1465 1288 1532 Epigrammata
1331 1478 1503 1517 tantum
1547 1465 1673 1517 abest

181 1553 230 1590 ut
263 1560 346 1608 pro
381 1543 528 1591 minus
563 1542 726 1592 limatis
763 1543 1037 1592 aestimanda
1074 1557 1205 1612 atque
1239 1545 1550 1613 posthabenda
1582 1546 1673 1597 sint

180 1621 254 1678 iis,
291 1640 404 1686 quae
439 1623 608 1688 majore
643 1623 763 1672 cultu
799 1623 1043 1681 nitescunt,
1078 1636 1128 1672 ut
1161 1625 1228 1673 vel
1257 1625 1550 1692 praeferenda
1581 1626 1671 1676 illis

179 1700 424 1749 videantur.
487 1703 604 1750 Nam
640 1722 777 1768 quum
815 1721 927 1769 quae
963 1703 1151 1752 dicenda
1188 1718 1314 1754 erant
1347 1706 1394 1754 in
1430 1705 1670 1773 Epigram-

180 1793 321 1838 mate,
358 1782 481 1847 quod
517 1782 576 1830 ad
611 1783 871 1832 memoriam
907 1783 1208 1843 scribebatur,
1258 1805 1349 1834 non
1383 1784 1443 1834 ad
1478 1784 1668 1835 delecta-

178 1859 342 1909 tionem
379 1874 421 1909 et
455 1861 762 1926 gloriationem
787 1863 981 1922 inanem,
1014 1864 1270 1914 brevissime
1295 1877 1439 1915 essent
1465 1865 1669 1925 dicenda,

179 1940 246 1989 vel
289 1953 466 1990 externa
512 1941 598 1990 loci
644 1943 900 1992 necessitate
947 1944 1165 2009 exigente,
1214 1964 1307 1994 non
1353 1945 1526 2011 vulgari
1573 1958 1669 1996 arte

178 2039 290 2086 opus
324 2032 437 2079 erat,
473 2041 529 2070 ne
563 2022 630 2070 vel
666 2022 907 2072 luxuriaret
938 2023 1168 2088 ingenium
1203 2036 1358 2091 poetae
1391 2024 1459 2075 vel
1492 2026 1669 2076 omitte-

178 2112 243 2148 ret
279 2119 329 2148 ea
365 2120 478 2167 quae
515 2102 602 2151 dici
638 2102 873 2152 debebant.
947 2103 1052 2167 Quo
1086 2104 1267 2154 nomine
1301 2104 1432 2172 plane
1469 2105 1667 2156 admira-

177 2180 278 2229 bilis
316 2193 380 2229 est
415 2201 487 2230 ars
521 2194 675 2249 poetae
717 2183 764 2232 in
799 2183 867 2232 his
904 2183 1251 2251 Epigrammatis
1286 2185 1546 2252 conspicua,
1586 2186 1666 2254 qui

177 2279 278 2308 raro
323 2261 507 2310 verbum
551 2264 748 2329 posuerit
792 2262 914 2329 quod
961 2274 1056 2312 tuto
1099 2263 1275 2314 demere
1317 2263 1466 2323 liceat,
1519 2264 1666 2315 rarius

178 2340 300 2406 quod
349 2341 506 2389 merito
548 2341 750 2390 additum
792 2342 910 2392 velis.
992 2342 1097 2407 Quo
1133 2356 1279 2393 autem
1316 2344 1482 2394 factum
1517 2344 1663 2412 quod-

178 2438 263 2485 que
311 2420 455 2485 majus
502 2432 566 2469 est
609 2433 740 2487 atque
774 2421 1008 2481 illustrius,
1053 2442 1105 2472 eo
1151 2424 1328 2473 brevior
1360 2435 1426 2473 est
1457 2434 1585 2492 poeta
1620 2434 1664 2476 et

176 2499 442 2566 simplicior:
478 2500 537 2548 ita
572 2501 617 2548 in
655 2501 738 2550 illis
775 2502 1133 2569 Epigrammatis,
1166 2523 1281 2570 quae
1314 2503 1495 2554 tumulis
1519 2504 1662 2554 Grae-

177 2598 330 2627 corum
382 2580 427 2628 in
474 2580 600 2629 bellis
636 2581 822 2630 Persicis
867 2582 1112 2631 occisorum
1147 2584 1357 2652 inscripta
1391 2595 1516 2642 sunt,
1558 2602 1660 2631 raro

177 2659 290 2708 ultra
327 2659 546 2709 distichon
583 2662 806 2727 processit,
841 2680 930 2728 quo
957 2662 1159 2711 virtutem
1194 2664 1394 2731 ipsorum
1422 2662 1661 2712 memoriae

176 2739 405 2805 proderet:
439 2759 543 2789 nam
579 2740 796 2789 εἰωθεσαν
831 2744 881 2789 ἐν
907 2749 1001 2797 τοῖς
1030 2741 1193 2802 τάφοις
1215 2747 1304 2791 τῶν
1327 2741 1660 2791 ἀποθανόντων
