1826 3080
882 33 1032 71 XXXIV

221 156 383 205 saeculi
427 157 659 222 obsequuti
708 175 817 222 quas
870 156 926 205 de
978 155 1110 205 rebus
1164 155 1375 205 fabulosis
1426 159 1697 208 natationes

221 235 327 287 anni
361 235 619 294 sanxissent,
653 236 711 285 ad
745 235 934 284 lubitum
970 234 1273 293 reformarent,
1307 254 1586 298 communem
1616 236 1698 287 ho-

170 310 395 382 'nm'inum
438 314 572 363 fidem
620 334 672 364 ex
721 327 914 364 veterum
969 325 1198 380 poetarum
1247 316 1557 367 monumentim
1580 336 1698 384 :pro-

222 395 379 444 fectam
415 413 573 460 parum
609 394 791 442 reveriti.
874 393 1089 459 Coeperat
1129 394 1244 442 enim
1289 394 1363 443 illa
1405 407 1526 445 aetas
1555 394 1700 463 philo·

222 473 466 541 sophorum
525 471 896 538 disputationibus
942 472 997 522 de
1050 473 1183 522 rebus
1237 473 1397 523 divinis
1453 486 1494 524 et
1539 474 1702 532 sabuli

223 553 400 610 vetustis
436 552 715 618 frequentari.
795 552 1046 601 Simonides
1089 552 1246 617 igitur,
1292 566 1422 619 poeta
1462 573 1629 603 remma
1644 554 1703 603 ab

223 633 467 699 majoribus
511 651 611 680 cum
655 631 743 680 fide
770 632 1049 707 ‘traditarum
1083 633 1411 691 tenacissimus,
1453 653 1544 683 non
1576 653 1705 702 prae·

224 713 408 763 termisit
442 712 729 770 occasionem,
765 730 851 777 qua
885 731 1100 761 novarum
1136 731 1285 761 rerum
1315 713 1467 763 avidos
1492 715 1707 781 perstriu-

225 803 357 856 geret.
400 792 466 840 Ita
492 791 717 856 quandam
743 791 889 840 nescio
926 810 1059 857 quam
1096 792 1395 842 narrationem
1431 805 1707 843 auctor-eme

225 870 400 921 fabulae
420 869 590 919 dixerat
606 878 814 930 πολεμεῖν
835 874 896 933 τῷ
921 874 1071 933 πολλῷ
1094 870 1258 933 χρόνῳ,
1293 873 1363 920 Fr.
1383 873 1473 921 Ine.
1492 873 1705 931 CXXVI,

225 951 271 999 in
313 968 453 998 novae
498 949 728 1014 cujusdam
776 949 952 998 fabulae
1007 950 1371 1016 vituperationem
1421 950 1585 1001 directa
1634 951 1708 1001 illa

228 1031 297 1079 Fr.
336 1030 427 1078 Inc.
464 1029 659 1077 CXXIV.

790 1141 1026 1201 Ἐξελὲγχει
1061 1141 1097 1188 δ’
1133 1140 1159 1188 ὅ
1192 1144 1295 1198 νέος

331 1221 456 1275 οἶνος
491 1219 547 1266 οὐ
579 1218 631 1266 τό
667 1222 826 1279 πέρυσι
861 1224 1010 1281 δῶρον
1046 1220 1266 1279 ἀμπέλου·
1307 1220 1330 1267 ὁ
1366 1222 1413 1267 δὲ
1448 1224 1596 1281 μῦθος

332 1297 408 1346 ὅδε
442 1298 716 1359 κενεόφρων.

229 1423 354 1474 Idem
389 1422 665 1488 Meleagrum
701 1424 746 1472 in
783 1423 900 1472 ludis
935 1423 1197 1473 funebribus
1231 1423 1377 1473 Peliae
1420 1414 1547 1474 hasta
1579 1424 1715 1475 victo-

230 1521 324 1553 rem
374 1503 429 1550 ab
483 1503 653 1552 diversa
700 1502 887 1551 aliorum
937 1515 1167 1569 poetarum
1220 1503 1474 1552 narratione
1524 1503 1717 1552 vindicat

231 1581 491 1632 testimoniis
534 1599 639 1629 usus
687 1582 870 1629 Homeri
917 1594 958 1630 et
993 1582 1251 1640 Stesichori,
1293 1583 1365 1630 Fr.
1400 1582 1529 1648 Epin.
1563 1583 1717 1639 XXV„

233 1661 418 1710 torsitan
462 1659 593 1708 simili
640 1658 821 1708 consilio
866 1657 916 1706 τὸ
964 1665 1112 1709 δοκεῖν
1156 1665 1229 1708 καὶ
1270 1659 1352 1708 τᾶν
1395 1658 1612 1709 ἀλάθειαν
1654 1667 1719 1721 βο-

234 1745 372 1789 ᾶσθαι
406 1739 577 1787 dixerat
610 1739 681 1787 Fr.
720 1740 809 1788 Inc.
837 1739 1012 1790 CXXV.
1066 1740 1199 1790 Unde
1232 1741 1396 1789 sactum
1432 1751 1510 1797 est,
1543 1751 1592 1788 ut
1625 1740 1718 1806 ipse

234 1819 499 1887 paucissima
544 1818 852 1882 insteteribus
900 1819 1061 1868 fabulis
1108 1818 1400 1868 immutaverit
1428 1837 1499 1868 <ex
1540 1819 1719 1884 ingenio

235 1918 340 1956 suo,
375 1898 458 1946 hoc
494 1916 669 1962 quoque
706 1897 753 1945 in
787 1916 948 1962 genere
982 1898 1134 1966 dispar
1169 1919 1308 1967 cycno
1341 1898 1539 1948 Dircaeo,
1581 1899 1720 1948 Nam-

238 1998 323 2044 que
355 1977 520 2043 ubique
566 1977 658 2026 fere
700 1977 998 2042 antiquiorum
1045 1990 1275 2044 poetarum
1317 1978 1556 2044 Epicurum
1589 1978 1720 2047 Lyri-

239 2076 478 2123 corumque
524 2057 715 2120 vestigiis
760 2057 977 2116 inhaeret,
1021 2058 1228 2115 Homeri,
1276 2056 1483 2115 Hesiodi,
1534 2055 1720 2116 Eumeli,

240 2136 501 2192 Stesichori,
535 2134 671 2203 Ibyci.

377 2215 467 2262 Sed
511 2227 683 2281 praeter
726 2227 957 2281 poetarum
992 2227 1191 2279 gentem,
1222 2244 1291 2252 -
1339 2233 1439 2263 cum
1470 2230 1593 2271 ¹uno,
1638 2213 1722 2265 nisi

244 2292 353 2343 fallit
386 2294 648 2359 conjectura,
684 2295 961 2343 Anacreonte
983 2295 1091 2342 Teio
1128 2292 1386 2345 familiarius
1420 2291 1604 2350 vivebat,
1635 2293 1723 2340 Ve-

244 2374 337 2423 neri
373 2385 416 2421 et
447 2373 624 2422 Baccho
660 2374 786 2422 unice
821 2384 1024 2440 operat0,
1073 2383 1185 2421 certe
1229 2371 1397 2420 tumulo
1432 2370 1631 2429 defuncti
1661 2382 1724 2420 te-

245 2452 485 2503 nerrimum
522 2452 742 2518 inscripsit
776 2453 1063 2519 Epigramma
1100 2452 1314 2509 CLXXI.,
1349 2450 1471 2523 quod
1493 2440 1724 2516 'exquisitis

248 2531 453 2583 laudibus
511 2529 627 2589 ἡδύν
670 2529 845 2578 ἄλυπον
897 2531 1021 2581 illum
1074 2531 1340 2580 amasiorum
1392 2529 1724 2597 hierophantam

251 2623 478 2661 mactaret:
503 2640 571 2649 --·
606 2622 780 2676 praeter
812 2623 965 2676 poetas
999 2611 1132 2675 igitur
1165 2609 1528 2677 philosophorum
1546 2627 1725 2674 gregem
