1826 3080
742 116 745 118 ’
829 104 927 153 215

154 238 340 291 Videtur
371 240 505 306 igitur
535 257 619 306 pro
650 238 775 308 lyrici
808 240 1012 289 carminis
1042 236 1255 307 particula
1279 236 1495 289 habuisse.
1540 242 1610 291 Tu

155 318 255 368 vide
287 337 343 367 an
376 319 437 368 ita
471 318 691 385 suipsefit
722 331 874 385 poeta:

254 403 424 457 Φοῖβος
454 396 655 456 ἔςᾶγηταί
687 398 838 464 [ποτε]
880 400 1215 457 Ίὶννόαρίδαισιν
1242 396 1412 455 ἀοιδάς,

254 479 340 525 ἂν
371 473 550 537 ὅμηροι
578 478 759 536 τέττιγες
789 478 1078 532 ἐπεστέψαντο
1112 480 1315 540 χορωνῷ.

157 555 286 620 Quae
329 555 388 604 ita
442 554 722 620 intelligenda
771 567 893 604 sunt:
951 555 1133 621 Apollo
1185 555 1464 604 introduxit
1516 557 1612 604 ali.

157 633 365 704 quando·
392 635 618 682 carmina
659 634 710 681 ιή
753 632 985 682 honorem
1023 633 1446 699 Tyndaridarum,
1493 652 1611 702 quo-

158 731 268 761 rum
302 713 579 762 carminum·
612 730 792 760 corona
835 712 1023 761 indocti
1051 722 1272 761 cantores
1312 713 1410 777 (cfr.
1455 713 1615 762 Ἀκάν-

157 799 266 839 &ov
281 793 443 852 τέττιγα
468 793 539 841 Fr.
562 792 651 840 Ine.
673 791 760 850 CL,
791 793 976 851 τέττιγος
1000 789 1166 839 ἄεθλον
1185 793 1335 858 Epigr.
1356 793 1616 859 CCXXXI.)

158 888 211 919 se
245 879 553 919 coronarunt.
614 870 800 919 Videtur
832 871 938 919 haec
971 882 1096 936 poeta
1130 871 1176 918 in
1211 870 1483 921 adversarios
1515 891 1618 921 suos

159 948 492 1010 ἆποσχεδιᾰσαι,
524 960 574 999 ut
605 949 776 1015 Epigrr.
811 949 1021 997 CCXXX.
1058 949 1108 1006 l.‚
1141 978 1210 986 —
1241 968 1344 998 nam
1380 950 1436 998 ab
1470 951 1618 1000 indole

161 1029 251 1078 veri
281 1028 608 1095 epigrammatis
641 1039 732 1076 toto
766 1027 884 1076 caelo
919 1028 1080 1077 distant
1117 1053 1199 1086 »-,
1249 1046 1274 1075 a
1315 1029 1476 1095 quibus
1523 1050 1617 1079 car-

160 1107 278 1157 mine
298 1106 343 1156 iu
366 1108 680 1157 Dioscurorum
714 1106 887 1155 laudem
923 1119 1095 1155 cantato
1128 1119 1356 1173 superatus
1390 1109 1454 1158 ira
1489 1110 1618 1159 effer-

159 1185 318 1235 buerit.
381 1186 520 1235 Erant
560 1198 703 1235 autem
737 1186 1022 1254 Tyndaridae
1064 1204 1161 1234 cum
1197 1185 1401 1252 Apolline
1435 1189 1618 1254 conjun-

162 1264 368 1322 ctissimi,
410 1264 540 1313 veluti
574 1266 841 1332 Therapnis,
889 1265 965 1313 uhi
999 1265 1269 1314 sanctissima
1303 1265 1512 1331 religione
1547 1287 1619 1316 co-

162 1342 335 1392 lebatur
363 1342 548 1409 Apollo,
593 1343 760 1393 Helena
803 1363 929 1393 soror
961 1343 1128 1410 sepulta
1149 1345 1209 1392 ·in
1243 1345 1475 1394 Phoebaeo
1511 1347 1616 1395 sere-

164 1422 305 1471 batur.
371 1423 472 1471 Jam
506 1441 622 1489 pone
646 1450 713 1459 —
740 1423 787 1471 id
822 1436 964 1471 autem
998 1423 1130 1472 verba
1160 1442 1297 1489 paene
1331 1423 1527 1489 flagitant
1543 1453 1623 1482 -‚

165 1500 231 1550 vel
262 1500 447 1568 Spartae
479 1500 545 1550 vel
579 1501 663 1550 alia
697 1502 743 1550 in
776 1502 887 1551 urbe
917 1501 1204 1568 Peloponnesi
1232 1503 1395 1551 samam
1422 1504 1624 1569 viguisse,

164 1581 310 1647 ipsun
356 1579 460 1628 olim
503 1580 751 1647 Apollinem
794 1582 840 1630 in
881 1581 1092 1630 honorem
1127 1581 1486 1651 Tyndaridarum
1522 1602 1623 1631 suo-

165 1676 265 1708 rnm
309 1659 513 1708 cecinisse
554 1659 768 1728 hymnum
816 1672 857 1708 et
899 1660 956 1708 ab
1000 1675 1059 1709 eo'
1092 1660 1195 1708 inde
1230 1673 1424 1727 tempore
1458 1680 1623 1710 morem

166 1737 388 1796 evaluisse,
423 1751 471 1787 ut
506 1750 622 1787 certo
654 1750 849 1806 tempore
882 1739 1165 1808 Tyndaridae
1200 1740 1399 1790 cantibus
1435 1741 1625 1789 celebra-

168 1828 337 1865 rentur:
392 1817 437 1864 in
481 1819 714 1867 certamine
759 1830 901 1867 autem
951 1819 1118 1867 musico
1165 1819 1274 1868 festo
1320 1820 1389 1868 die
1433 1821 1628 1869 instituto

169 1894 441 1944 Simonidem
477 1897 738 1945 concessisse
771 1896 866 1945 aliis
899 1897 1059 1963 poetis:
1109 1909 1150 1945 et
1185 1898 1368 1946 habebis
1405 1899 1628 1964 quomodo

170 1973 374 2041 explicari
411 1973 697 2040 probabiliter
728 1974 849 2024 locus
870 1975 1164 2024 tenebricosus
1190 1977 1336 2043 possit.
1381 1978 1628 2044 Apollinem

171 2063 338 2109 autem,
370 2065 604 2119 patronum
639 2066 889 2120 poetarum,
924 2054 1135 2104 creditum
1171 2073 1262 2103 esse
1297 2054 1418 2104 illum
1453 2069 1628 2106 cantum

172 2131 419 2188 instituisse,
452 2131 501 2180 id
534 2150 636 2181 vero
668 2152 757 2181 non
794 2134 934 2200 magis
966 2133 1216 2183 mirandum
1241 2146 1316 2191 est,
1352 2154 1482 2201 quam
1511 2137 1632 2202 quod

174 2209 244 2260 alii
290 2210 351 2259 dii
395 2209 587 2278 deaeque
633 2211 678 2259 in
713 2213 875 2279 nuptiis
910 2213 1091 2263 hei-oum
1126 2214 1329 2263 cecinisse
1363 2215 1631 2265 dicebantur.
1712 2255 1713 2258 ,

178 2290 319 2338 immo
354 2288 514 2338 fecerat
545 2290 828 2351 Ἐκίχαρμοις
859 2294 909 2339 ἐν
942 2293 1168 2350 Μούσαις,
1215 2294 1354 2361 ipsam
1390 2295 1632 2343 Minervam

102 2421 118 2430 -
174 2371 418 2427 ἐπαυλῆσαι
457 2375 550 2423 τοῖς
582 2369 845 2430 Διοςκόροις
875 2369 955 2418 τὸν
989 2371 1221 2428 ἐνόπλιον,
1269 2372 1424 2421 Athen.
1463 2374 1547 2432 lv,
1593 2393 1634 2442 p.

180 2448 294 2504 184,
340 2446 387 2494 F.
442 2447 681 2497 Simonidis
727 2460 869 2498 autem
913 2449 1144 2499 versiculos
1186 2450 1458 2501 hexametros
1506 2453 1638 2503 fuisse

130 2586 139 2598 .
176 2539 217 2575 et
257 2530 408 2584 αοιόης
450 2526 565 2575 vocis
617 2545 820 2576 mensura
864 2530 1098 2579 certissime
1140 2530 1409 2580 demonstrat
1451 2543 1492 2579 et
1533 2550 1637 2581 con-

177 2606 321 2655 firmat
343 2606 610 2673 comparatio
633 2606 953 2658 simillimorum
972 2609 1350 2677 Epigrammatum
1374 2610 1585 2658 CCXXX.
1606 2612 1636 2658 1.

313 2684 512 2733 Ceterum
560 2703 657 2734 cum
694 2703 797 2736 voce
829 2691 1019 2751 χορωνῷ
1065 2690 1293 2757 (Hesychii
1329 2688 1518 2754 glossam
1559 2697 1639 2737 Xo-
