1826 3080
878 109 946 156 80

178 261 374 308 pugnam
411 242 707 291 Plataeensem
745 261 881 307 quum
919 241 1004 290 alia
1043 254 1136 290 tum
1171 243 1427 292 Mimnermi
1460 243 1669 311 Elegiam

177 322 223 370 in
267 341 463 389 pugnam
509 322 856 389 Smyrnaeorum
902 333 1054 370 contra
1100 322 1253 390 Lydos
1302 323 1574 390 componitffl
1604 325 1663 375 de

178 419 266 467 qua
301 420 354 451 v..
375 403 504 450 Paus.
541 402 628 454 IX,
671 403 747 448 29.
817 400 1018 449 Alterum
1063 420 1204 466 genus
1237 415 1471 470 praecepta
1506 405 1672 459 eka&

177 480 446 529 hortationes
482 481 800 544 (παραινέσεις)
838 479 1165 547 complectitur,
1199 501 1288 547 quo
1324 502 1375 532 ex
1411 501 1571 547 genere
1598 497 1673 539 eet·

178 560 249 608 Fr.
285 561 375 607 LX.
421 572 461 607 et
510 560 693 608 sortasse
729 559 948 626 quaedam
985 559 1080 608 alia.
1151 562 1302 611 Tertio
1337 562 1486 611 ordini
1519 563 1673 619 vinde

178 640 309 688 candi
357 643 496 698 ἕλεγοι
543 639 619 704 qui
663 639 895 698 dicuntur,
940 640 983 688 h.
1020 659 1054 688 e.
1100 640 1311 706 lugubres
1346 641 1534 708 elegiae,
1574 657 1678 710 quoy

179 721 223 767 in
260 736 418 783 genere
453 718 698 766 carminum
735 719 823 784 jam
860 732 959 768 ante
994 720 1139 787 ipsum
1177 721 1368 779 exculto,
1403 742 1440 770 v.
1476 721 1533 771 de
1564 722 1667 776 loeo

178 799 366 846 Pausan.
401 800 464 855 X,
504 801 554 854 7,
593 806 636 847 3.
675 799 900 847 Thiersch.
935 800 980 848 in
1014 801 1128 849 Actt.
1164 801 1337 850 Philoll.
1373 803 1550 851 Monac.
1574 802 1666 861 111,

178 898 219 943 p.
258 878 391 935 585.‚
429 875 678 926 excelluisse
714 879 885 927 videtur
924 891 1054 945 poeta
1089 882 1381 930 tenerrimus:
1432 881 1518 930 huc
1550 882 1662 931 rese-

179 957 316 1005 renda
352 957 447 1004 Frr.
484 957 587 1004 LXI
609 987 677 994 -—
695 958 850 1006 LXVI.
903 960 1104 1008 Ceterum
1143 960 1329 1021 dialecto
1364 960 1502 1009 utitur
1534 975 1664 1029 poeta
1691 951 1694 956 Ι

179 1037 354 1094 Ionica,
388 1047 437 1084 ut
471 1054 553 1101 par
588 1048 690 1084 erat.

183 1184 303 1220 LVIII.
384 1180 497 1220 ΕΙΣ
539 1180 694 1221 ΤΟΥΣ
726 1171 827 1222 ἘΝ
863 1177 1209 1224 ΜΑΡΑΘΩΝΙ
1239 1166 1675 1227 ΤΕΘΝΗΚΟΤΑΣ..

314 1275 642 1323 Grammaticus
696 1275 742 1322 in
793 1276 896 1324 Vita
940 1268 1150 1346 Aeschyli
1196 1297 1238 1344 p.
1282 1278 1402 1326 XIV.
1458 1279 1664 1329 Dindors.

179 1354 343 1415 Ἀπῆρε
372 1356 420 1401 δὲ
457 1353 746 1422 (Aeschylus)
783 1354 843 1410 aig
875 1355 1056 1416 Ἱέρωνα
1089 1354 1169 1403 τόν
1193 1362 1400 1412 Σικελίας
1422 1357 1667 1419 τύραννον,

179 1432 287 1480 κατοέ
331 1432 455 1489 τινοές
495 1436 576 1494 μὲν
625 1433 686 1489 ὦς
727 1433 820 1481 ὑπό
861 1435 1116 1494 Ἀθηναίων
1151 1439 1563 1494 κατασπουδασθεὶς
1595 1441 1673 1487 καὶ

179 1512 391 1573 ἡσσηθεὶς
424 1516 511 1577 νέῳ
548 1511 646 1560 ὄντι
677 1518 738 1576 τῷ
775 1521 1028 1572 Σοφοκλεῖ·
1078 1513 1188 1562 κατοέ
1237 1516 1284 1561 δὲ
1318 1517 1562 1571 ἐνίους-’ἔν
1594 1522 1665 1582 τῷ

181 1597 259 1648 εἰς
305 1591 432 1647 τούς
477 1595 537 1639 ἐν
574 1596 892 1652 Μαραθῶνι
937 1593 1285 1652 τεθνηκότας
1317 1597 1542 1660 ἐλεγείῳ
1575 1595 1667 1656 ἡσ-

184 1675 378 1731 σηθεὶς
423 1675 729 1731 Σιμωνίδῃ·
775 1669 826 1717 τὸ
872 1670 957 1732 γάρ
991 1675 1182 1732 ἐλεγεῖον
1216 1673 1334 1720 πολύ
1368 1679 1449 1734 τῆς
1481 1679 1583 1735 περὶ
1613 1675 1698 1724 ui-

184 1753 414 1811 συμπαθὲς
445 1751 707 1809 λεπτότητος
740 1753 930 1811 μετέχειν
964 1754 1106 1808 θέλει,
1142 1751 1166 1799 ὃ
1202 1756 1285 1800 τοῦ
1322 1754 1572 1814 Αἰσχύλου,
1606 1754 1669 1811 ὥς

182 1836 376 1891 ἕφοιμενι
410 1834 527 1879 ἐστὶν
563 1829 812 1889 ἀλλότριον.

315 1911 546 1960 Distichon
593 1909 831 1974 elegiacum
891 1910 976 1958 dici
1023 1911 1108 1959 sibi
1155 1913 1371 1977 persuasit
1423 1912 1666 1964 Franckius

183 1990 335 2039 Callin.
372 2009 416 2056 p.
454 1993 529 2038 55.
580 1989 640 2037 At
675 1987 966 2038 Scholiastam
1001 2009 1151 2039 vocem
1186 1992 1391 2051 ἐλεγεῖον,
1426 1992 1552 2058 cujus
1586 2000 1678 2044 ila-fi

182 2072 267 2118 tiva
302 2070 579 2135 significatio,
615 2088 702 2135 qua
739 2081 802 2117 est
828 2067 1090 2126 distichon,
1127 2069 1393 2137 pedetentim
1419 2071 1549 2121 latius
1568 2090 1669 2121 eva-

182 2161 283 2214 gata
320 2161 406 2206 est,
452 2167 503 2197 eo
538 2148 757 2197 intellectu
792 2149 1013 2215 posuisse,
1058 2161 1107 2197 ut
1140 2167 1339 2198 carmen
1375 2150 1669 2214 elegiacum,

181 2228 221 2275 h.
260 2246 293 2275 e.
331 2227 515 2292 elegiam
553 2228 735 2286 diceret,
778 2229 983 2278 evincunt
1024 2247 1137 2295 quae
1183 2229 1330 2278 addit:
1380 2228 1431 2278 τὸ
1465 2227 1548 2291 poio
1582 2232 1672 2278 ἕλε·
1721 2288 1723 2290 v

181 2314 302 2365 γεῑον
361 2305 479 2353 πολι)
525 2312 604 2366 τῆς
645 2311 744 2368 περὶ
795 2307 846 2355 τό
895 2310 1127 2367 συμπαθὲς
1171 2309 1433 2370 λεπτότητος
1475 2312 1669 2371 μετέχειν

182 2389 311 2433 θέλει.
382 2386 510 2450 Quae
554 2387 630 2435 uni
674 2388 938 2436 conveniunt
981 2387 1179 2453 Elegiae,
1233 2389 1291 2437 ab
1336 2390 1668 2455 Epigrammate

184 2467 436 2532 longissime
471 2478 638 2514 remota
675 2467 901 2525 videntur,
947 2468 1070 2533 quod
1108 2468 1287 2534 quidem
1324 2467 1533 2537 Aeschyli
1568 2485 1665 2518 ma—

181 2546 324 2594 sculos
368 2546 547 2612 spiritus
592 2565 681 2594 non
726 2548 998 2613 dedignetur.
1081 2547 1137 2595 Et
1180 2548 1278 2613 quis
1322 2538 1666 2614 Epigrammatis

183 2645 270 2673 uno
314 2626 501 2674 disticho
545 2626 733 2674 absoluti
777 2640 994 2676 certamen
1053 2627 1289 2675 instituisse
1341 2628 1453 2676 cives
1494 2626 1664 2676 Atticos

180 2704 262 2752 sibi
300 2705 344 2752 in
380 2705 577 2754 animum
613 2706 820 2755 inducat?
882 2708 937 2757 Et
972 2707 1093 2772 quod
1131 2707 1184 2755 de
1221 2707 1421 2757 disticho*
1444 2707 1666 2773 praecepit
