1826 3080
925 94 1025 143 218

251 245 400 301 aptum
434 230 612 279 videtur.
690 227 834 275 secuti
867 246 1018 276 sumus
1052 229 1359 278 correctionem
1392 229 1700 288 Valckenaerii,

249 313 324 379 qui
359 321 583 377 comparat
619 305 871 354 Callimachi
904 308 1067 375 Hymn.
1101 308 1147 355 in
1180 308 1308 359 Dian.
1347 308 1454 358 114.

381 393 509 452 Λῖμῳ
543 390 615 434 ἐπὶ
648 385 820 446 Θρήϊκι·
855 384 990 432 τόθεν
1022 389 1194 447 Βορέαο
1229 387 1379 444 κατᾶϊξ

383 473 550 530 ἔρχεται
583 465 828 523 ἅχλαίνοισι
861 467 1019 520 δυςαέα
1051 464 1220 527 κρυμὸν
1257 465 1437 526 ἄγουσα.

249 552 301 598 In
334 550 420 597 fine
454 564 600 595 versus
634 545 746 592 tertii
780 544 986 604 ἐκάμφθη
1021 544 1141 603 libri,
1176 545 1296 611 quod
1324 544 1570 594 Brunckius
1603 563 1700 595 mn-

250 628 352 677 tavit
398 627 442 674 in
488 624 714 684 ἐκρύφθη,
757 622 976 689 praeclare
1021 623 1242 673 Porsonus
1284 625 1342 673 ad
1375 625 1524 692 Eurip.
1558 624 1700 674 Phoe-

248 708 350 755 niss.
393 706 501 753 986.
546 702 750 762 ἐθάφθη,
802 703 922 768 quod
967 722 1050 751 vox
1106 701 1196 762 ζωή
1245 703 1416 752 videtur
1469 701 1701 770 postulare.

248 787 380 834 Poeta
429 782 692 849 lepidissime
741 782 884 830 nivem
929 782 1070 830 vivam
1124 781 1337 848 sepultam
1385 782 1512 842 dicit,
1558 782 1703 832 Pieria

247 878 362 913 terra
396 862 617 919 indutam,
662 860 781 927 quod
823 879 951 908 suave
996 880 1132 925 genus
1167 861 1339 910 dicendi
1372 861 1579 910 usitatum
1611 847 1703 910 ebat

248 945 293 992 in
328 954 467 991 morte
500 940 741 997 hominum,
776 938 903 987 veluti
937 939 1063 988 Pind.
1098 940 1222 987 Nem.
1257 941 1334 998 XI,
1372 941 1444 988 16.
1489 936 1704 988 Τελευτᾶν

249 1023 428 1071 πάντων
446 1024 529 1080 γᾶν
551 1017 864 1077 ἐπιεσσόμενος.
967 1021 1009 1066 5.
1043 1017 1166 1076 Ἐμοὶ
1197 1021 1270 1064 καὶ
1300 1021 1378 1077 τῆς
1409 1020 1539 1077 χεέτω
1573 1016 1700 1067 codd.

248 1102 361 1150 AC:
403 1102 500 1159 ἐμοὶ
539 1086 803 1157 κατησχεέτω
849 1097 961 1144 BP:
1019 1095 1150 1156 ἔμοιγ’
1194 1095 1330 1155 αὐτῆς
1367 1099 1499 1155 χεέτω
1546 1095 1702 1154 Aldus,

248 1179 460 1228 Casaub.:
509 1179 607 1235 ἐμοί
645 1175 683 1234 γ’
725 1175 861 1234 αὐτῆς
893 1175 1040 1240 Steph.
1076 1176 1275 1224 Ursinus.
1345 1175 1401 1224 In
1434 1175 1521 1224 fine
1555 1192 1702 1224 versus

248 1262 387 1313 ἔοικες
417 1255 543 1305 codd.
577 1255 682 1303 BP.
738 1253 937 1303 Voluisse
971 1251 1115 1308 έοικὸς
1147 1253 1358 1304 videntur.

864 1402 1086 1439 CCXXVIII.

380 1494 538 1542 Athen.
571 1493 698 1549 XIV,
732 1511 774 1557 p.
812 1493 929 1549 656,
966 1493 1012 1540 C.
1057 1493 1169 1551 Περὶ
1201 1494 1348 1550 λαγῶν
1380 1491 1704 1550 Χαμαιλέων

248 1575 383 1634 φησὶν
418 1575 475 1619 ἐν
508 1573 574 1633 τῷ
611 1573 732 1630 περὶ
763 1575 1114 1629 Σιμωνίδου,
1161 1568 1221 1625 ὥς
1266 1573 1456 1616 δειπνῶν
1487 1566 1608 1630 καροῖ
1642 1572 1702 1633 τῷ

245 1653 411 1713 Ἱέρωνι
457 1650 481 1697 ὁ
529 1653 850 1707 Σιμωνίδης
894 1647 950 1695 οὐ
995 1651 1318 1708 παρατεθέντος
1358 1646 1479 1712 αὐτῷ
1519 1650 1593 1695 ἐπὶ
1623 1645 1706 1706 τήν

247 1732 486 1794 τράπεζαν,
526 1727 728 1787 καθάπερ
762 1729 834 1772 καὶ
867 1734 959 1781 τοῖς
993 1725 1163 1783 ἄλλοις,
1206 1731 1403 1785 λαγωοῦ,
1451 1725 1545 1774 ἀλλ’
1585 1723 1706 1774 ὓστε-

249 1830 332 1871 ρον
365 1806 668 1868 μεταδιδόντος
700 1809 780 1851 τοῦ
814 1804 1036 1865 Ἱέρωνος,
1071 1804 1399 1864 ἀπεσχεδίασεν·

382 1887 496 1936 Οὐδὲ
529 1883 612 1945 γαρ
649 1883 744 1931 οὐδ’
783 1884 919 1944 εὐρύς
951 1902 1032 1944 περ
1067 1881 1153 1930 ἐών
1186 1886 1346 1940 ἐξίκετο
1381 1887 1528 1945 δεῦρο.

248 1968 441 2018 Eustath.
478 1964 641 2033 Odyss.
678 1971 736 2019 P,
771 1981 813 2029 p.
853 1962 1002 2021 1821,
1036 1965 1112 2011 36.
1156 1967 1239 2018 Εἰς
1270 1961 1407 2023 λαγὸν
1439 1964 1573 2023 μέγαν
1606 1963 1705 2021 ἑψη-

247 2050 382 2107 μένον
416 2046 583 2101 ἔπαιξέ,
620 2057 748 2103 φασι,
783 2045 1098 2101 Σιμωνίδης
1129 2042 1202 2088 τό·

382 2123 498 2173 Οὐδὲ
532 2122 616 2184 γοέρ
652 2121 746 2169 οὐδ’
780 2120 915 2182 εὐρύς
948 2121 1040 2181 περ’
1075 2118 1160 2167 ἐών
1193 2122 1544 2181 έξίκετο·δεῦρο·

250 2204 320 2251 οἷα
353 2202 412 2262 μή
448 2203 682 2262 φθάσαντα
717 2203 1018 2261 παρατεθῆναι
1051 2199 1171 2263 αὐτῷ
1206 2202 1254 2247 ἐν
1279 2203 1339 2262 τῷ
1370 2203 1560 2247 δειπνεῖν
1587 2196 1708 2259 παραὶ

245 2284 423 2345 Ἱέρωνι.
492 2282 579 2329 Cfr.
626 2280 829 2345 Prolegg.
877 2299 918 2346 p.
951 2278 1206 2327 XXXVIII.
1270 2279 1424 2328 Jocose
1458 2288 1586 2345 poeta
1619 2288 1707 2326 tra-

249 2363 372 2411 duxit
406 2360 687 2410 Homericum
722 2359 831 2407 illud
865 2357 913 2406 ll.
949 2358 1079 2416 XIV,
1114 2362 1190 2407 33.
1246 2356 1362 2406 Οὐδὲ
1394 2355 1478 2417 γὰρ
1514 2354 1610 2404 οὐδ’
1642 2356 1708 2404 εὖ·

253 2442 334 2501 ριῖς
367 2459 448 2500 περ
483 2436 569 2487 ἐών
605 2438 844 2497 ἐδυνήσατο
876 2437 1018 2493 πάσας
1050 2435 1244 2496 αἰγιαλός
1276 2441 1386 2496 νῆας
1418 2437 1598 2496 χαδέειν.

886 2584 1073 2622 ccxm.

386 2675 517 2724 Anth.
557 2674 646 2723 Pal.
683 2674 822 2733 Xlll,
857 2677 933 2724 30.
984 2677 1330 2732 Σιμωνίδου·
