1826 3080
855 101 951 148 135

157 238 351 302 γράφειν
392 236 446 285 τὰ
488 236 888 296 ἆνδραγαθήματα,
937 233 1100 283 Scholl.
1151 236 1245 283 Vat.
1295 234 1400 283 Eur.
1445 236 1641 285 Troadd.

164 318 306 370 1189.
357 315 533 367 Laudat
564 327 711 364 autem
747 315 844 383 ipsa
879 314 1116 364 verborum
1153 312 1439 364 collocatione
1471 334 1643 365 rerum-

158 414 246 467 que
279 409 502 464 gestarum
545 394 895 462 haudquaquam
937 394 1171 443 ambitiosa
1214 397 1644 454 commemoratione,

158 487 210 527 nt
240 477 394 546 Epigr.
429 476 515 525 CL.

293 586 528 652 Μυριᾶσιν
562 587 670 636 ποτὲ
702 590 807 650 τᾷδε
839 590 1110 647 τριακοσίαις
1143 587 1363 648 ἐμάχοντο

320 672 343 738 ’Ἰ
391 669 468 718 Ἐκ
503 666 862 719 Πελοποννάσου
895 665 1086 726 χιλιάδες
1120 668 1305 727 τέτορες.

158 794 298 847 Vides
339 813 476 863 qnam
520 790 677 861 procul
722 791 885 841 haheat
938 792 1089 841 onmia
1142 792 1353 841 orationis
1405 793 1644 860 pigmenta.

158 876 268 927 Jnre
299 893 394 926 suo.
477 874 625 922 »Nam
658 902 729 910 —
762 872 1009 920 Hermanni
1051 883 1154 920 sunt
1188 872 1322 920 verba
1356 873 1402 921 in
1438 874 1646 924 disserta-

159 954 280 1006 tione
324 953 382 1003 (Ie
427 951 592 1002 Officio
640 950 898 1018 Interpretis
943 969 986 1016 p.
1027 951 1100 998 12.
1133 980 1203 988 -—-
1248 971 1386 1018 quum
1430 954 1540 1020 quid
1587 956 1646 1004 ita

160 1036 467 1103 comparatum
514 1043 600 1090 est,
646 1043 695 1080 ut
737 1050 827 1097 quo
870 1031 1014 1095 magis
1057 1029 1200 1079 solum
1244 1050 1296 1080 ac
1329 1032 1502 1082 nudum
1540 1053 1646 1083 con-

157 1112 370 1183 opicitnr,
435 1130 488 1161 eo
537 1110 683 1176 majus
731 1122 861 1177 atque
905 1110 1212 1159 admirabilius
1262 1126 1506 1179 appareat,-
1553 1114 1647 1163 sola

158 1191 521 1244 commemoratio
565 1191 671 1240 satis
719 1203 804 1247 est,
846 1202 1062 1257 nocetque
1109 1191 1254 1239 omnis
1297 1204 1499 1251 ornatus,
1543 1195 1648 1261 quia

161 1271 381 1323 abstrahit
410 1271 611 1320 animum
654 1271 711 1319 ab
755 1270 895 1337 ipsius
937 1270 1001 1319 rei
1036 1270 1321 1335 cogitatione,
1368 1291 1449 1321 nec
1483 1274 1649 1340 patitur

160 1371 213 1404 ea
253 1364 397 1402 totum
443 1344 705 1418 occupatum
753 1350 939 1398 teneri«
1019 1348 1144 1413 Quid
1188 1363 1333 1399 autem
1379 1353 1647 1418 praeclarius

161 1432 355 1502 tropaeis
386 1431 702 1488 Marathoniis,
738 1428 1223 1497 Thermopylensibus,
1257 1431 1529 1491 Artemisiis,
1564 1435 1648 1482 Sa-

160 1512 381 1579 laminiiS,
425 1509 789 1560 Plataeensibus'?
835 1527 948 1574 quae
984 1508 1098 1557 Ceus
1144 1521 1272 1577 poeta
1318 1514 1465 1561 omnia
1503 1515 1648 1563 verbis

162 1590 448 1650 mnhsimis,
482 1590 563 1640 sed
595 1607 708 1657 qnae
743 1606 891 1638 rerum
927 1588 1280 1653 magnitudinem
1310 1591 1405 1658 ipsa
1430 1612 1508 1641 sua
1542 1595 1649 1643 sim-

158 1671 355 1743 plicitate
388 1682 651 1738 aequarent,
683 1668 924 1718 memoriae
958 1669 1195 1718 mandavit
1278 1673 1384 1720 Ut
1373 1692 1418 1720 in
1454 1674 1650 1723 Simoni-
1705 1663 1714 1671 ’

161 1751 266 1804 «lea
278 1751 617 1821 Epigrammata
650 1749 889 1799 transferre
923 1748 1050 1798 liceat
1084 1749 1206 1816 quod
1243 1750 1299 1799 de
1325 1751 1647 1818 Spartiatarum

162 1828 392 1883 cantilenis
436 1829 665 1898 praedicat
711 1829 978 1878 Plutarchus
1022 1830 1214 1898 Lycurg.
1257 1832 1382 1879 XXI.
1449 1831 1509 1881 H
1535 1837 1652 1890 λέξις

162 1913 285 1962 heb
314 1907 505 1971 ἆφελησ
551 1910 625 1956 καὶ
675 1906 910 1969 ἄθρυπτος
962 1910 1034 1955 ἐπὶ
1076 1908 1298 1968 πράγμασι
1350 1921 1526 1971 σεμνοῖς
1576 1917 1650 1960 καὶ

161 1989 415 2054 ηὑοαοιοῖς.
495 1988 651 2055 Neque
693 1987 932 2046 miramur,
973 1987 1095 2054 quod
1139 1988 1235 2037 aliis
1278 1991 1418 2056 poetis
1462 1993 1647 2042 eandem

165 2069 378 2120 orationis
409 2069 664 2119 tenuitatem
700 2067 896 2117 studiose
929 2067 1116 2126 sectetis,
1149 2068 1229 2116 sed
1264 2081 1410 2119 tamen
1446 2072 1491 2120 in
1516 2072 1649 2122 rebus

165 2149 297 2217 longe
322 2146 645 2219 'illustrignimis
688 2146 774 2197 illis
819 2147 1091 2197 facinoribus
1134 2148 1419 2199 inferioribus
1465 2164 1505 2201 et
1542 2172 1648 2201 con-

165 2228 299 2287 fictis,
332 2227 382 2277 id
413 2225 519 2277 vitio
553 2245 727 2276 versum
765 2239 839 2277 est.
922 2228 989 2277 Ita
1031 2227 1340 2278 Theodoridas
1373 2232 1648 2283 Mnasalcam

166 2307 427 2378 Sicyonium
462 2307 698 2375 pastringit
743 2319 957 2375 tanquam
1002 2306 1237 2358 ridiculum
1271 2308 1515 2360 Simonidis
1550 2313 1650 2361 imi-

166 2400 351 2439 tatorem
385 2385 522 2437 Anth.
557 2385 649 2436 Pal.
683 2386 828 2445 XIII,
862 2388 939 2436 21.
983 2386 1196 2452 (Brunck.
1229 2388 1374 2438 Anall.
1415 2391 1458 2448 1,
1507 2393 1651 2457 190.).

371 2466 667 2522 Μνασάλκεος
698 2464 750 2514 τό
785 2470 902 2527 σᾶμα
936 2471 997 2515 τῶ
1032 2472 1273 2527 Πλαςαῑδα,

502 2549 564 2594 ui)
596 2544 889 2607 ’λεγειοεοιῶ·
1204 2611 1205 2614 ¹

369 2625 398 2673 oi
435 2629 584 2675 Μῶσα
617 2624 655 2674 δ’
691 2624 812 2674 αὐτῶ
846 2630 926 2682 τᾶς
958 2630 1192 2686 Σψωνίᾶα
1227 2628 1406 2684 σπάθας

502 2700 558 2765 ἦς
590 2705 941 2767 α’ποσπᾰραγμα·
