1826 3080
922 117 1020 163 236

237 254 428 301 diximus
463 253 708 316 Amorgino
754 250 988 298 tribuenda
1032 247 1195 306 videri,
1237 249 1352 296 inter
1387 248 1558 296 lncoeta
1591 265 1708 297 rece—

147 398 159 411 (
238 335 301 399 pit
335 332 606 381 Welckerus
642 349 682 396 p.
719 331 796 378 87.
866 329 958 392 Qui
992 328 1114 394 quod
1148 348 1185 375 v.
1217 327 1419 388 κάρκαρα
1451 325 1602 391 (nobis
1638 327 1708 374 Fr.

238 414 324 461 Ine.
361 413 623 473 LXXXIV.)
660 409 706 455 in
741 407 931 456 eundem
966 426 1146 456 censum
1181 406 1375 472 redegit,
1410 400 1710 455 dissentieffles

236 511 318 540 nos
361 492 493 539 habet
539 489 597 537 ob
643 488 858 552 originem
901 487 1041 542 vocis,
1093 505 1208 552 quae
1247 485 1496 534 Rhinthoni
1538 503 1711 551 quoque

237 583 278 618 et
324 568 546 635 Sophroni
603 579 813 633 usurpata
857 578 1004 632 aperte
1050 565 1197 614 Sicula
1240 577 1313 614 est.
1402 564 1529 613 Idem
1573 562 1711 613 Wd-

239 650 389 696 ckerus
425 646 546 713 quod
581 665 623 712 p.
663 647 737 693 71.
776 645 845 691 Fr.
883 645 1047 693 Thren.
1083 645 1269 692 XLVII.
1339 643 1584 708 Amorgino
1618 643 1711 691 vin-

239 727 478 775 dicandum
515 725 750 789 conjectat,
797 737 835 772 et
871 744 940 773 res
975 725 1069 790 ipsa
1107 725 1195 772 Ceo
1231 723 1457 788 adjudicat
1489 734 1533 771 et
1567 723 1604 770 is
1638 722 1714 788 qui

239 807 367 854 affert
403 804 674 859 Menander,
716 804 976 870 Lyricorum
1021 816 1260 869 poetarum,
1287 801 1618 850 auctoritatibus
1651 802 1715 849 uti

237 885 400 932 solitus.
470 882 779 937 Laetabimur,
846 882 881 930 si
938 883 1078 930 virum
1134 882 1446 930 amicissimum
1489 880 1717 946 contigerit

240 965 297 1012 ad
345 976 539 1011 nostram
584 962 842 1010 sententiam
893 961 947 1009 de
991 961 1097 1010 locis
1140 961 1430 1010 controversis
1476 961 1569 1009 sine
1613 959 1715 1008 fuco

240 1043 454 1109 prolatam
508 1042 758 1107 perducere.
846 1042 1039 1106 Uterque
1083 1041 1304 1089 veritatem
1357 1040 1493 1088 secuti
1539 1057 1715 1088 sumus:

243 1136 337 1171 nter
371 1133 593 1170 assecutus
627 1121 683 1168 sit
717 1119 957 1167 videndum
994 1120 1085 1168 erit.

380 1201 485 1249 168.
522 1199 672 1264 Epigr.
710 1198 974 1245 CLXXVII.
1043 1197 1316 1246 Brunckius:
1361 1197 1594 1245 »Scribere
1636 1215 1715 1263 po-

242 1294 296 1328 tet
308 1292 351 1327 at
385 1278 628 1326 monachus
663 1285 808 1324 ποθεῖ.
865 1278 925 1324 At
958 1295 1058 1324 vera
1095 1275 1220 1324 lectio
1256 1288 1321 1324 est
1354 1276 1529 1335 Πόλη.«
1575 1275 1717 1324 Dimi-

243 1360 298 1407 sit
332 1359 610 1414 thesaurum‚
646 1356 859 1403 carbones
895 1355 1168 1421 amplexatus
1203 1367 1278 1405 est.
1452 1346 1458 1351 v

377 1440 487 1485 207.
535 1437 686 1503 Epigr.
735 1435 903 1482 CCXV.
975 1435 1202 1483 Orationis
1249 1435 1473 1484 scabrities
1506 1436 1718 1502 interpoe-

244 1518 419 1565 tationis
455 1515 647 1563 artificiis
681 1514 881 1562 nondum
920 1513 1114 1563 abstersa
1149 1513 1332 1563 videtur.
1381 1515 1584 1563 Fortasse
1614 1515 1719 1563 scri-

246 1598 330 1662 psit
367 1607 512 1661 poeta:
1495 1629 1500 1634 .

346 1676 595 1733 Ἀρτέμιδος
629 1671 716 1718 τόδ’
754 1671 923 1730 ἄγαλμα
958 1671 1173 1730 διηκόσιαι
1208 1671 1344 1730 πόρε
1376 1670 1536 1730 μισθός

449 1755 653 1812 δραχμαὶ
686 1754 771 1797 ταὶ
805 1750 994 1810 Πάριαι,
1030 1755 1119 1797 τῶν
1153 1754 1341 1810 ἐπίσημα
1374 1751 1544 1812 τράγος.

247 1836 358 1882 'Nam
404 1838 637 1891 δραχμαῖαι
683 1842 835 1896 poetae
884 1830 1122 1878 obtrudere
1170 1849 1411 1896 sanequam
1455 1829 1718 1879 audaculum

246 1913 427 1960 videtur.
505 1912 691 1957 Manum
739 1908 926 1956 intendit
968 1922 1095 1975 poeta
1141 1909 1198 1956 ad
1234 1910 1280 1958 id
1316 1929 1454 1974 genus
1489 1910 1719 1960 drachma-

249 2011 365 2048 rum,
401 1991 522 2056 quod
558 2008 691 2055 capro
727 1989 946 2052 signatum
985 2001 1085 2035 erat.
