1826 3080
888 150 947 199 71

181 309 272 360 quo
319 301 468 358 spreto
517 288 717 352 ingratus
769 304 904 333 sonus
954 286 1126 331 τέκνον
1157 311 1226 320 -
1261 283 1423 331 πόνον
1466 286 1663 337 evitatur.

182 369 384 421 Eandem
419 368 682 434 scripturam
704 370 865 414 'tuetur
898 363 1059 412 Athen.
1099 363 1189 420 lx,
1219 382 1272 431 p.
1309 364 1430 421 396,
1464 364 1514 411 Ε.
1573 373 1668 413 Σι-

181 453 428 510 μωνίδης
458 449 532 495 ἐπὶ
562 450 646 493 τοῦ
682 446 892 504 Περσέως
935 441 1018 502 τήν
1052 442 1242 502 Δανάην
1276 450 1398 491 ποιεῖ
1424 446 1663 504 λέγουσαν·

171 525 236 579 Ὦ
281 530 461 584 τέκος,
509 525 643 573 οἷον
687 526 787 584 ἔχω
832 523 1030 570 πόνον·
1082 520 1148 569 συ“
1194 521 1238 568 δ’
1281 517 1410 570 αὖτε
1455 528 1534 579 εἰς
1579 545 1669 585 γα-

185 611 413 671 λαθηνῷ
449 603 494 653 δ’
529 602 688 664 ἤτορι
720 602 1008 656 κνώσσεις.
1057 603 1174 650 Tum
1211 604 1327 661 ἔχων
1362 602 1588 653 Guelferb.

287 689 332 737 6.
366 683 442 735 Σῦ
475 683 512 732 δ’
540 680 688 738 αὕτως
712 685 953 744 γαλαθηνῷ
987 681 1243 748 scripsimus
1278 701 1329 730 ex
1365 683 1671 734 emendatione

186 765 456 817 Mehlhornii
501 763 559 813 ab
602 763 699 830 ipso
742 774 892 829 postea
941 760 1120 825 rejecta:
1166 760 1311 809 Guelf.
1357 761 1413 808 οὐ
1447 761 1484 809 δ’
1519 762 1673 821 αὐταῖς

185 849 519 908 ἐγαλαθηνωδεῖ
559 842 895 896 θεικνοσόσσειςς
948 840 1115 888 Aldus:
1162 839 1218 886 οὐ
1264 841 1300 887 δ’
1336 840 1490 897 αὐταῖς
1523 845 1671 903 ἐγαλα-

189 930 417 986 σθηνωδεῖ
445 922 767 978 δεικνοόσσεις,·
804 939 960 987 margo
985 919 1210 976 ‘Goelleri2
1258 940 1355 980 »γρ
1392 920 1449 968 σι)
1483 922 1520 969 δ’
1554 923 1672 981 αὖτέ,

187 1025 232 1075 p
247 1027 270 1048 ιι
348 1004 560 1054 Ursinus.
624 1016 680 1050 συ
739 1001 776 1048 δ’
829 996 934 1048 αὖτε
978 1002 1219 1062 γαλαθηνῷ
1271 997 1400 1061 ἤτορι
1452 1002 1673 1060 κνώσσεις.

188 1085 381 1179 Ele‘aus
424 1082 677 1133 Casauboni
721 1080 972 1130 emendatio
1006 1080 1223 1129 Athenaei
1256 1080 1473 1147 sciiptura
1508 1082 1673 1142 innixa,

188 1161 246 1212 σύ
278 1164 316 1211 δ’
351 1163 506 1218 ἀωτεῖς
537 1166 779 1224 γαλαθηνῷ
813 1181 838 1207 τ
882 1157 1012 1221 ἤτορι
1044 1159 1276 1216 κνώσσεις,
1322 1179 1435 1226 quae
1477 1161 1566 1226 jam
1603 1183 1672 1212 le-

190 1255 317 1313 cepta
363 1255 428 1293 est
473 1242 531 1291 ab
576 1241 784 1291 omnibus
828 1240 917 1288 fere
962 1238 1227 1297 editoribus,
1278 1238 1344 1287 vel
1385 1259 1674 1291 numerorum

190 1324 333 1391 gratia
366 1320 644 1390 repudianda
679 1321 832 1368 fuerat.
893 1318 1077 1367 Accedit
1110 1318 1232 1386 quod
1268 1337 1422 1367 caussa
1457 1320 1577 1369 nulla
1612 1322 1669 1370 vi·

193 1402 323 1452 detur
350 1420 456 1460 esse,
493 1419 573 1450 cur
601 1399 759 1447 οἷωτεῖν
794 1410 835 1447 et
868 1397 1082 1446 κνώσσειν
1112 1398 1245 1447 verba
1272 1398 1430 1463 exiguo
1457 1412 1533 1448 aut
1555 1400 1677 1450 nullo

193 1481 447 1532 discrimine
481 1480 654 1529 diversa
689 1477 958 1545 copulaverit
990 1489 1131 1544 poeta.
1199 1478 1429 1527 Praeterea
1463 1477 1593 1540 ἤτορι
1627 1500 1678 1530 ex

195 1560 423 1612 Athenaeo
458 1560 698 1609 adscitum:
724 1577 813 1607 nos
849 1558 955 1605 artis
991 1557 1164 1606 criticae
1189 1571 1421 1625 praecepta
1456 1561 1592 1609 secuti
1628 1580 1679 1610 ex

195 1653 401 1708 compta
448 1631 716 1688 vetustorum
768 1637 974 1706 Dionysii
1027 1637 1227 1686 codicum
1275 1637 1492 1704 scriptura
1545 1643 1682 1688 δεῖθει

195 1718 263 1770 vel
297 1723 427 1767 δεῖδει
460 1717 779 1785 exsculpsimus
814 1716 991 1776 στήθεϊ,
1037 1715 1159 1783 quod
1202 1716 1264 1765 rei
1299 1718 1383 1784 ipsi
1419 1721 1679 1769 convenien-

197 1800 439 1850 tissimum:
474 1810 516 1847 et
547 1795 677 1857 ἤτορι
711 1816 762 1846 ex
799 1795 1050 1860 conjectura
1085 1813 1287 1844 manasse
1320 1798 1551 1863 probabile
1581 1801 1680 1849 red-

200 1879 266 1929 dit
320 1878 357 1927 δ’
415 1877 525 1927 illud
589 1888 689 1925 ante
751 1873 881 1935 ἤτορι
936 1875 1056 1942 apud
1116 1875 1391 1925 Athenaeum
1449 1880 1681 1939 intrusum,

198 1957 321 2026 quod
342 1955 587 2006 absurdum
614 1967 690 2013 est,
723 1955 760 2003 si
782 1955 929 2021 priora
959 1966 1071 2003 recte
1098 1973 1121 2003 a
1154 1955 1282 2004 nobis
1310 1959 1540 2007 constituta
1568 1973 1681 2008 sunt.

200 2037 405 2088 Ceterum
454 2034 609 2095 στήθεϊ
653 2053 802 2083 verum
850 2053 943 2083 esse
985 2053 1073 2082 non
1116 2035 1408 2101 spondemus:
1459 2038 1682 2104 optionem

201 2116 360 2165 damus
393 2116 507 2165 inter
540 2114 768 2179 Burgessii
803 2118 919 2171 εἴδεϊ,
956 2114 1032 2181 qui
1077 2114 1160 2162 hoc
1205 2134 1380 2163 carmen
1425 2118 1682 2183 pessumde-

204 2194 270 2244 dit
305 2195 350 2243 in
386 2194 540 2243 Diario
575 2193 710 2243 Class.
747 2194 947 2243 Britann.
988 2194 1145 2252 1820,
1192 2195 1348 2244 XLIV.
1393 2214 1433 2263 p.
1470 2198 1609 2255 338,
1645 2211 1687 2248 et

204 2273 383 2340 Bergkii
416 2270 542 2333 ἤθεϊ,
578 2272 768 2339 denique
803 2273 997 2341 Emperii
1033 2277 1186 2332 μείδεῖ,
1221 2274 1297 2341 qui
1333 2289 1561 2342 comparat
1596 2278 1684 2326 He-

204 2353 428 2423 sychium:
466 2356 652 2409 Μεῖδος·
689 2356 896 2413 μείδημα,
930 2355 1078 2413 γέλως.
1127 2351 1264 2417 Quod
1289 2372 1530 2422 sanequam
1558 2355 1685 2405 blan-

205 2433 335 2483 ditur.
448 2433 493 2483 8.
530 2431 770 2498 Vulgatum
802 2433 967 2492 δώματι
1001 2433 1211 2481 intactum
1249 2432 1529 2501 reliquimus,
1566 2437 1687 2503 quod

205 2526 247 2563 et
289 2514 334 2562 in
381 2511 563 2561 Victorii
598 2511 694 2561 cod.
744 2531 772 2579 p
819 2525 986 2562 exstare
1042 2511 1222 2561 dicitur:
1275 2513 1418 2562 Aldus
1465 2514 1688 2573 δούναντι,

206 2593 389 2643 Victorii
425 2591 563 2640 codex
598 2611 623 2639 v
659 2591 863 2647 δούνατι,
901 2590 1046 2640 Guelf.
1084 2590 1287 2650 δούρατι,
1324 2593 1444 2659 quod
1472 2606 1686 2645 correcto-

209 2690 300 2721 rem
347 2672 472 2738 sapit.
552 2670 696 2719 Aedes
741 2670 969 2719 hominum
1021 2662 1136 2737 clara
1191 2670 1286 2720 luce
1330 2672 1603 2725 collustratas
1650 2688 1692 2724 et

210 2752 410 2800 trabibus
446 2761 667 2800 contextas
701 2762 742 2799 et
773 2745 1062 2823 amplitufine
1091 2752 1348 2816 magnificas
1372 2754 1555 2820 opponit
1572 2752 1692 2814 ἅτερ-
