1826 3080
896 130 991 177 178

222 268 408 315 Carmen
443 285 532 314 non
567 267 659 313 sine
695 263 841 330 lepido
875 281 1022 310 errore
1055 291 1123 299 —-
1157 261 1212 310 de
1246 261 1686 328 Alexandrofflagno

219 364 464 395 sermonem
513 363 604 392 esse
651 344 857 409 opinatur
897 372 965 379 —-
1011 341 1142 390 affert
1186 341 1398 390 Arsenius
1443 340 1599 393 Viobt.
1641 360 1685 409 p.

220 427 296 474 97.
341 426 502 473 omisso
546 436 586 471 et
633 424 723 488 ipse
765 421 942 470 nomine
986 421 1198 479 auctoris,
1240 438 1371 487 quem
1413 419 1687 471 Simonidem

220 523 312 554 esse
347 503 615 552 confidenter
658 501 897 567 posuimus.
968 501 1035 548 De
1070 519 1117 548 re
1150 501 1245 567 ipsa
1287 520 1325 548 v.
1360 499 1689 559 Herod..Vll1‚

221 586 285 631 35
320 601 414 647 sqq.
445 582 589 639 faus.
625 582 692 639 X,
727 581 782 639 8,
817 580 861 628 4.

353 663 495 709 Versu
525 663 567 708 3.
602 659 646 707 4.
692 677 748 707 ne
782 659 866 707 sibi
902 670 1158 723 arrogarent
1190 657 1353 725 Delphi
1385 657 1508 725 quod
1539 658 1692 714 suimet

221 742 438 797 Deorum,
471 738 811 787 Valckenaerius
846 737 1176 797 ἀπωσαμένοις
1210 749 1252 786 et
1276 740 1562 799 ρυσαμένοις
1593 731 1691 788 eon·-

221 819 455 883 rigendum
502 819 717 867 censebat.
786 818 949 867 Lenior
988 816 1243 865 insolentiae
1284 816 1560 884 Delphorum
1599 835 1694 867 me·-

222 898 319 946 dela
358 898 543 946 debetur
578 897 805 956 Iacobsio,
847 897 924 963 qui
967 897 1221 945 incisionem
1255 908 1356 963 post
1389 900 1542 960 Φοίβῳ
1574 897 1694 964 posi-

222 989 311 1024 tam
359 975 590 1025 sustulerit.
671 977 772 1024 Iure
807 987 949 1024 autem
996 987 1038 1024 et
1070 976 1226 1024 merito
1261 995 1361 1024 cum
1393 974 1577 1024 Phoebo
1610 975 1695 1043 ipsi

221 1055 457 1104 Medorum
473 1054 706 1103 exercitum
725 1053 966 1121 reppulisse
983 1053 1240 1119 gloriantur,
1257 1075 1295 1102 v.
1309 1054 1473 1105 Herod
1484 1055 1693 1114 V11L37.

892 1202 1030 1238 cxcll.

263 1330 268 1338 ,
356 1291 577 1341 Plutarch.
623 1292 679 1339 de
720 1292 884 1340 Herod.
929 1291 1112 1356 Malign.
1158 1310 1198 1357 p.
1242 1292 1366 1349 867,
1409 1291 1458 1339 Ε.
1503 1291 1696 1356 (lacobs.

224 1369 428 1436 Append.
474 1370 648 1436 Epigrr.
695 1389 760 1418 nr.
804 1373 939 1436 293.)
995 1370 1108 1417 Εἶτα
1142 1369 1361 1416 πιστεύειν
1395 1366 1524 1426 ἄξιον
1553 1369 1698 1433 τούτῳ

223 1448 443 1508 γράφοντι
485 1453 586 1509 περὶ
630 1447 796 1510 ἀνδρός
833 1447 861 1508 ἢ
910 1448 1082 1503 πόλεως
1115 1451 1237 1507 μιᾶς,
1277 1448 1328 1504 ὃς
1358 1450 1425 1496 ἑνὶ
1457 1448 1616 1511 ῥήματι
1644 1448 1699 1497 τὸ

225 1532 387 1587 νίκημα
419 1531 497 1587 τῆς
528 1527 743 1583 Ἑλλάδος
777 1527 1028 1588 ἀφαιρεῖται
1062 1531 1134 1574 καὶ
1165 1526 1215 1574 τό
1249 1527 1468 1587 τρόπαιον
1499 1536 1704 1590 καθαιρεῖ

225 1610 299 1654 καὶ
330 1605 408 1662 τοὶς
442 1606 704 1667 ἐπιγραφοῖς,
740 1607 793 1661 ἃς
818 1610 972 1654 ἔθεντο
1009 1605 1130 1666 παρα
1163 1611 1213 1667 τῇ
1240 1605 1457 1667 Ἀρτέμιδι
1484 1611 1536 1669 τῇ
1559 1615 1701 1668 Προρ-

226 1686 322 1746 ηιόᾳ
355 1685 530 1743 κόμπον
564 1685 808 1744 ἀποφαίνει
841 1690 914 1732 καὶ
946 1684 1233 1741 ἅλαζονείαν;
1284 1688 1372 1744 ἔχει
1416 1687 1463 1732 δὲ
1499 1684 1615 1748 σῧτῳ
1648 1684 1702 1733 τό

227 1767 494 1824 ἐπίγραμμα·

295 1847 603 1890 Παντοδαπῶν
639 1842 820 1902 ἀνδρῶν
853 1842 1005 1902 γενεοὶς
1037 1843 1183 1898 Ἀσίας
1216 1842 1306 1891 dud
1338 1844 1487 1904 χώρας

395 1926 546 1976 παῖδες
577 1920 842 1981 Ἀθηναίων
875 1924 988 1986 τῷδέ
1024 1921 1120 1969 ποτ’
1156 1924 1205 1968 ἐν
1240 1922 1415 1981 πελάγει

296 2006 515 2062 ναυμαχίᾳ
550 2001 839 2059 δαμάσαντες,
876 2004 969 2049 ἐπεὶ
1002 2000 1188 2062 στρατός
1222 1998 1356 2053 ὤλετο
1392 2001 1582 2061 Μήδων,

397 2080 562 2139 σήματα
595 2082 715 2126 ταῦτ’
751 2084 912 2128 ἔθεσαν
946 2083 1160 2144 παρθένῳ
1194 2080 1423 2140 Ἀρτέμιδι.

234 2160 355 2207 ldem
394 2159 672 2207 Themistocl.
712 2161 841 2207 VIII.
890 2162 965 2208 Ἐν
998 2165 1075 2222 μιᾷ
1107 2165 1197 2208 τῶν
1232 2165 1404 2220 στηλῶν
1433 2161 1567 2226 (quae
1589 2160 1703 2209 circa

230 2239 439 2304 templum
478 2239 645 2286 Dianae
680 2239 926 2302 Προςηῴας
965 2241 1114 2302 κύκλῳ
1149 2245 1283 2287 λίθου
1318 2243 1481 2287 λευκοῦ
1514 2239 1703 2299 πεπήγα-

230 2320 321 2380 σιν)
356 2320 544 2375 ἐλεγεῐον
578 2313 635 2375 ἦν
672 2317 772 2364 τόδε
804 2322 1124 2379 γεγραμμένον·
1183 2321 1566 2367 Παντοδαπῶν
1599 2325 1701 2374 κτλ,

231 2398 303 2443 ubi
345 2414 467 2443 versu
514 2398 547 2442 l.
595 2395 756 2453 Ἀσίης,
794 2418 830 2446 ν.
867 2401 909 2446 3.
947 2405 1164 2459 ναυμαχίῃ
1201 2410 1349 2447 exstat.
1398 2398 1494 2446 Hoc
1528 2414 1702 2464 quoqne

232 2477 515 2541 Epigramma
535 2493 621 2522 non
643 2475 897 2526 dubitamus
917 2477 975 2526 ad
987 2477 1260 2527 Simonidem
1287 2489 1507 2526 auctorem
1529 2475 1700 2525 refem.

887 2624 1043 2661 CXCIII.

366 2712 621 2760 Plutarchus
667 2712 720 2759 de
772 2714 930 2762 Herod.
978 2714 1158 2778 Malign.
1200 2735 1237 2780 p.
1276 2716 1388 2766 869,
1424 2715 1470 2760 C-
1525 2709 1631 2760 “On
1665 2711 1700 2760 δ’
