1826 3080
916 104 1014 150 232

226 239 346 306 quod
391 238 452 286 illi
499 256 587 285 non
634 235 766 284 semel
809 235 985 294 accidit,
1027 236 1087 284 ita
1129 254 1240 302 quae
1282 236 1338 285 de
1373 237 1446 286 Cei
1481 239 1685 289 conviciis

225 320 269 367 in
309 317 558 366 Corinthios
592 315 796 380 conjectis
830 314 1061 373 dicuntur,
1103 333 1152 363 ea
1195 315 1243 365 in
1287 316 1578 382 suspicionem
1612 337 1689 366 vo-

225 417 322 447 care
362 415 499 464 paene
542 395 820 443 temerarium
875 394 1055 444 videtur.
1137 395 1339 444 Forsitan
1385 395 1687 452 Themistoclis

224 478 388 526 dictum
424 477 482 523 ita
517 475 759 524 ferebatur:
804 474 1077 524 Simonidem
1114 473 1227 523 male
1259 493 1417 525 sanum
1453 494 1566 535 esse,
1612 477 1688 544 qni

225 555 473 604 Corinthios
507 553 692 612 vellicet,
728 555 920 620 seipsum
955 553 1216 602 collaudet
1204 572 1251 602 m
1285 554 1552 604 carminibus
1586 554 1687 605 suis.

360 636 465 682 109.
513 634 584 681 Fr.
621 633 693 681 CI.
761 633 1006 682 Welckero
1047 644 1110 682 est
1163 632 1232 680 Fr.
1279 632 1409 681 XIII.
1454 634 1688 700 Amorgini

222 727 387 781 poetae.
446 713 602 762 Censet
636 711 906 762 Welckerus
941 711 1214 760 Simonidem
1257 732 1388 762 suum
1421 713 1689 779 significasse

220 793 452 860 proverbio
484 791 560 840 illo
595 810 685 840 non
718 803 884 840 mutam
900 829 912 849 ‚
947 791 1393 862 quales'Acanthiaffi
1427 791 1506 842 sed
1539 811 1687 860 crepe-

221 893 341 931 ram,
374 873 411 922 si
447 871 822 939 apprehendatur,
856 890 901 919 se
934 870 1131 919 cicadam
1168 871 1282 930 fore,
1327 871 1494 920 collatis
1527 871 1687 920 Archi-

219 953 332 1001 lochi
368 952 498 1000 minis
533 950 655 1017 apud
686 950 865 998 Lucian.
909 950 1171 1015 Pseudolog.
1194 950 1227 999 I.
1279 950 1688 1018 Interpretationem

219 1031 431 1098 Stephani
465 1030 821 1095 reliquorumque
864 1041 1091 1078 auctorum
1135 1041 1327 1078 veterum
1370 1029 1518 1094 (addit
1548 1029 1689 1080 Wel-

219 1112 371 1159 ckerus
405 1110 558 1158 Arsen.
590 1108 744 1157 Violet.
779 1127 821 1174 p.
850 1109 927 1156 36.
943 1108 1055 1156 444.
1098 1108 1294 1175 Apostol.
1317 1107 1377 1166 II,
1401 1111 1477 1158 30.
1512 1109 1688 1166 XVIII,

220 1195 295 1239 33.
331 1191 484 1237 Provv.
522 1207 544 1236 e
579 1187 702 1236 Suid.
740 1187 785 1246 I,
818 1188 916 1251 74.)
958 1206 984 1235 a
1018 1187 1231 1253 Rheginis
1265 1187 1426 1236 cicadis
1459 1187 1506 1236 iu
1540 1187 1687 1237 Aenu-

217 1271 330 1318 thias
364 1267 606 1316 Simonidis
641 1266 897 1315 translatam
930 1266 1079 1315 videri.
1101 1297 1170 1305 —
1202 1268 1336 1315 Recte
1370 1285 1472 1315 vero
1505 1278 1688 1317 veteres:

216 1347 491 1415 Leoprepida
526 1346 799 1396 adversarios
845 1366 948 1395 suos
979 1345 1234 1401 Ἀκανθίοις
1265 1347 1419 1402 τέττιξι
1458 1364 1689 1413 compan-

217 1440 357 1485 verat‚
393 1439 441 1476 ut
473 1427 622 1493 Epigr.
659 1427 893 1475 CCXXIV.
929 1425 1106 1485 ἄμετροι
1136 1427 1317 1484 τέττιγες
1350 1425 1558 1475 dicuntur
1581 1424 1689 1474 mali

216 1519 386 1574 poetae:
421 1506 616 1554 Pindaro
652 1505 888 1554 adversarii
922 1505 1116 1566 κόρακες.
1160 1505 1348 1554 Videtur
1380 1516 1524 1554 autem
1559 1515 1690 1572 poeta

218 1588 428 1652 cogitasse
465 1586 519 1634 de
554 1586 732 1651 regione
766 1585 913 1634 nescio
948 1603 1033 1650 qua
1068 1585 1180 1647 (non
1215 1596 1386 1633 constat
1411 1584 1527 1633 enim
1557 1582 1690 1633 Chal-

217 1666 380 1714 cidicae
426 1666 581 1713 urbem
638 1664 749 1721 dici,
801 1676 850 1712 ut
904 1676 1048 1712 censet
1092 1663 1364 1714 VVelckerus
1411 1663 1476 1712 cll.
1518 1662 1687 1711 Aelian.

217 1747 271 1794 H.
311 1746 362 1792 A.
399 1744 488 1802 III,
522 1746 599 1792 35.
635 1740 830 1803 ’Ἁφωνα
865 1745 913 1790 δέ
947 1745 1036 1791 ἐστι
1068 1741 1118 1790 τό
1155 1742 1380 1804 παράπαν,
1415 1744 1465 1789 ἐν
1499 1741 1686 1803 Κυρήνῃ

215 1827 295 1882 μὲν
342 1828 388 1870 οἱ
427 1823 662 1883 βάτραχοι,
709 1824 759 1869 ἐν
806 1826 1062 1883 Μακεδονίᾳ
1108 1823 1155 1868 δὲ
1196 1817 1253 1877 ὗς
1292 1824 1364 1869 καὶ
1403 1825 1606 1880 τεττῶγων
1646 1840 1689 1869 τι

214 1908 394 1969 γένος),
441 1904 566 1969 cujus
611 1902 786 1951 cicadae
821 1914 987 1950 mutae:
1038 1900 1328 1949 Grammatici
1380 1900 1437 1948 ab
1481 1899 1687 1950 sentioeto

215 1984 545 2049 cognominatas
580 2001 672 2031 esse
707 1982 941 2030 commenti
976 1981 1190 2030 videntur.
1257 1981 1350 2029 Nos
1382 1981 1428 2028 in
1464 1998 1686 2030 commen-

216 2064 335 2111 tariis
370 2062 600 2111 obscurius
634 2061 891 2109 sententiam
926 2073 1122 2109 nostram
1157 2059 1458 2108 indicavimus.

351 2143 458 2190 112.
497 2143 564 2189 Fr.
602 2141 716 2189 CVI.
770 2140 1040 2189 Welckerus
1075 2159 1116 2206 p.
1151 2141 1230 2189 87.
1266 2139 1399 2188 verba
1434 2158 1460 2188 a
1495 2139 1685 2188 Stobaeo

215 2222 432 2287 apposita:

345 2299 395 2347 Ὁ
430 2300 464 2345 δ’
501 2295 557 2346 αὖ
590 2299 788 2353 θάνατος
821 2302 934 2358 ἒκιχε
968 2300 1040 2345 καὶ
1072 2297 1154 2344 τὸν
1189 2298 1472 2357 φυγόμαχον·

214 2391 387 2444 poetam
424 2378 637 2426 comicum
675 2379 861 2444 prodere
904 2378 1165 2426 arbitratur:
1210 2377 1369 2426 lemma
1405 2396 1456 2426 eo
1492 2395 1584 2426 esse
1616 2376 1684 2424 in-

214 2458 383 2515 certius,
418 2457 539 2522 quod
574 2458 806 2523 praecedat
839 2458 1037 2525 proxime
1062 2461 1334 2516 Σιμωνίδου.
1384 2458 1517 2505 Posse
1539 2467 1686 2504 tamen
1726 2503 1728 2505 ,

213 2556 403 2586 errorem
439 2537 542 2585 inde
578 2549 721 2585 ortum
758 2557 871 2596 esse,
905 2537 1027 2604 quod
1063 2536 1304 2586 Simonidis
1340 2537 1506 2586 dictum
1542 2553 1567 2584 a
1598 2534 1681 2582 Co·
1739 2558 1741 2561 ·

212 2618 323 2665 mico
357 2635 608 2682 expressum
646 2617 783 2665 fuerit.
825 2647 882 2653 —
921 2618 1040 2665 Haec
1075 2615 1353 2667 Welckerus,

347 2696 456 2744 [bid.
517 2697 583 2744 Fr.
634 2696 774 2744 CVII.
855 2696 1238 2764 Wyttenbachius
1286 2697 1342 2744 ad
1396 2695 1470 2743 illa
1525 2692 1683 2741 Iuliani

1709 134 1737 164 l
