1826 3080
858 121 947 169 161

163 258 328 306 Verum
372 274 423 304 ea
467 254 715 320 conjectura
763 275 852 305 non
898 255 1040 305 solum
1085 253 1298 304 audacior
1337 268 1423 314 est,
1471 257 1549 306 sed
1584 276 1640 307 ue

162 334 372 385 un'tatum
415 333 596 402 quidem
627 347 703 384 est
746 334 893 383 dicere
932 333 1010 382 νπ’
1052 332 1252 396 Ευβοίᾳ·
1297 346 1347 384 ut
1389 353 1510 385 mare
1553 337 1637 386 sub

159 414 350 464 inulam
395 412 675 480 iutefligatur.
753 415 868 463 Nam
918 431 1032 481 quae
1072 412 1321 464 Boeckhius
1363 415 1506 465 attulit
1540 428 1637 465 tan-

159 512 297 562 quam
327 493 513 552 sinilia,
558 493 671 543 alius
713 494 887 559 generis
927 505 1051 550 sunt,
1094 504 1141 541 ut
1184 511 1277 541 vno
1313 493 1503 558 Τμώλῳ,
1543 493 1637 542 vad

158 573 396 631 Κυλλᾶύας
427 569 578 634 ὅροις,
625 577 877 629 Φλιουντος
907 571 985 620 ὑπ’
1021 571 1226 632 ὠγυγίοις
1259 570 1428 635 ὄρεσιν,
1477 571 1638 634 ὄχθαις

156 650 252 702 ὕπο
295 655 544 715 Ίὶιῦγᾲου,
588 652 681 701 vaeo
713 656 766 714 τῇ
801 654 1024 714 Καδμείᾳ,
1071 650 1165 699 υπό
1198 657 1255 713 τῇ
1286 653 1439 711 πόλεις
1486 654 1633 703 Simo-

157 731 415 801 uiduipse
447 750 583 800 supra
616 736 828 793 Δίρφνος
859 719 963 779 ὑπὸ
989 734 1121 790 πτυχὶ
1155 731 1285 791 dixit,
1320 733 1520 783 similiter
1548 733 1632 783 alii.

157 810 332 879 Siglum
381 810 515 871 illud,
572 829 663 878 quo
718 811 981 877 adjectivum
1034 810 1314 860 obliteratum
1375 813 1634 871 continetur,

157 909 249 941 uon
290 890 511 941 diversum
552 889 726 939 videtur
771 908 864 939 esse
906 890 963 938 ab
1007 909 1082 946 eo,
1124 909 1212 956 quo
1258 909 1340 939 vox
1381 887 1509 951 ἥλιος
1543 911 1631 940 non

154 988 259 1021 ram
275 970 351 1020 -ab
382 969 574 1020 librariis
606 980 797 1027 notatur,
833 967 963 1017 veluti
998 969 1044 1017 in
1074 968 1235 1018 Scholl.
1259 971 1398 1019 Vatic.
1426 971 1472 1019 in
1499 971 1630 1020 Rbes

153 1049 268 1100 528.
299 1050 416 1098 Nam
440 1047 750 1116 quadratarius
772 1046 896 1110 ἁλίῳ,
931 1048 1056 1113 cujus
1082 1049 1201 1096 vocis
1219 1049 1308 1097 iota
1331 1049 1629 1117 subscriptum

151 1139 379 1195 super-esu
411 1127 596 1184 videtur,
629 1145 712 1193 pro
748 1127 911 1175 Dorica
946 1128 1091 1176 forma
1124 1129 1242 1177 vocis
1277 1128 1394 1179 illius
1423 1128 1630 1179 habuisse

151 1206 343 1256 videtur:
374 1205 499 1270 πάγῳ
533 1206 727 1272 repperit
758 1207 992 1274 Emperius
1026 1219 1194 1266 noster-3
1229 1226 1414 1275 eamque
1441 1202 1627 1276 scriptu-

150 1303 247 1335 ram
281 1297 325 1335 et
358 1286 420 1334 rei
453 1286 537 1352 ipsi
573 1286 786 1352 aptiorem
823 1298 863 1334 et
889 1286 1094 1335 ductibus
1123 1287 1346 1336 literarum
1373 1289 1626 1355 propiorem

150 1364 414 1431 judicamus,
447 1382 580 1431 quam
609 1364 732 1431 quod
758 1364 889 1414 nobis
924 1366 970 1414 in
1003 1379 1195 1415 mentem
1222 1368 1339 1416 venit
1364 1366 1467 1430 ἁλίᾳ
1490 1368 1624 1428 ράχει.

150 1445 218 1494 De
252 1442 637 1494 circumlocutione
680 1445 970 1511 promontorii
1006 1447 1229 1495 Artemisii
1267 1447 1459 1496 diximus
1493 1448 1625 1496 Prae-

150 1524 224 1574 sat.
267 1524 441 1592 Epigrr.
490 1543 532 1592 p.
585 1524 693 1573 138.
831 1527 875 1573 5.
907 1524 986 1574 Ἐν
1019 1523 1115 1585 ὄρει
1148 1525 1369 1580 Μυκᾰλας
1398 1539 1527 1593 poeta
1562 1527 1624 1575 rei

148 1602 317 1653 veritati
350 1603 756 1652 convenientissime
790 1603 906 1651 dicit.
990 1604 1103 1652 Nam
1139 1603 1428 1654 Athenienses
1463 1618 1505 1654 et
1538 1607 1622 1653 La-

148 1681 419 1733 cedaemonii
454 1701 554 1731 cum
589 1682 718 1732 sociis
754 1683 926 1749 utrique
960 1683 1052 1731 suis
1086 1683 1207 1751 apud
1237 1684 1444 1752 Mycalen
1480 1685 1622 1734 diver-

146 1778 219 1811 sas
257 1761 460 1827 regiones
507 1761 736 1811 tenebant:
785 1762 1073 1811 Athenienses
1106 1782 1206 1812 cum
1244 1764 1505 1823 Corinthiis,
1552 1765 1620 1812 Si-

146 1840 330 1911 cyoniis,
362 1840 614 1889 Troezeniis
638 1839 886 1907 planitiem:
922 1842 1281 1891 Lacedaemoniis
1310 1855 1351 1891 et
1376 1844 1518 1900 sociis,
1554 1844 1620 1891 in-

146 1930 214 1969 ter
251 1937 365 1986 quos
410 1930 749 1968 cousentaneum
797 1931 860 1967 est
906 1920 1039 1970 fuisse
1082 1922 1385 1986 Megarenses,
1440 1921 1468 1980 ἡ
1518 1920 1625 1976 ὁδός

147 1997 311 2057 Muto
345 1998 455 2044 κατά
487 2015 533 2044 τε
566 1997 795 2058 χαράδρην
827 2002 900 2045 καὶ
935 1997 1130 2058 οὔρεα,
1167 2011 1216 2049 nt
1250 2001 1310 2049 ait
1343 2000 1508 2050 Herod.
1547 2002 1623 2058 lx,

152 2076 257 2126 102.
372 2078 416 2126 6.
453 2076 782 2127 Pentametrum
818 2097 843 2127 a
881 2079 1153 2128 Fourmonto
1187 2080 1398 2129 omissum
1434 2081 1620 2129 restituit

148 2154 417 2214 Boethius,
453 2155 537 2205 nisi
573 2156 694 2223 quod
729 2163 1008 2205 Φοινισσῶν
1042 2178 1132 2207 non
1167 2171 1283 2208 recte
1316 2160 1500 2227 scripsit.

246 2237 290 2283 7.
324 2234 400 2283 Ἐν
434 2238 571 2299 πεδίῳ
606 2241 805 2300 Βοιωτίῳ
840 2236 895 2285 de
931 2237 1147 2286 industria
1180 2250 1308 2305 poeta
1343 2238 1488 2305 posuit
1525 2256 1618 2286 arn-

145 2314 288 2380 bigue.
378 2313 620 2363 Plataeensi
678 2315 796 2364 euim
842 2335 1040 2383 pugnae,
1095 2334 1228 2383 quam
1281 2317 1619 2367 commemorari

143 2405 295 2463 putes,
337 2411 434 2443 nonu
469 2393 768 2444 interfuerant.
855 2397 988 2445 Poeta
1034 2395 1207 2446 dicebat
1249 2397 1464 2464 praelium
1508 2396 1618 2445 illud

142 2484 341 2542 equestre
372 2492 462 2522 non
505 2474 659 2541 procul
695 2475 898 2544 Erythris
932 2475 1140 2535 Boeotiae
1174 2477 1479 2532 commissum,
1530 2494 1619 2542 quo

142 2552 339 2603 Graecos
371 2564 413 2601 et
462 2554 648 2603 maxime
694 2556 975 2621 Megarenses
1023 2567 1122 2605 ante
1156 2573 1352 2623 pugnam
1391 2554 1616 2603 Plataeen-

143 2647 235 2683 σω
274 2632 471 2683 tentabat
513 2633 786 2683 Mardonius.
872 2633 1172 2684 Consederant
1207 2635 1366 2684 Graeci
1416 2632 1506 2681 ὑπό
1538 2631 1618 2681 τὸν

146 2709 350 2771 πρόποδα
390 2716 473 2760 τοῦ
519 2717 823 2773 Κιθαιρῶνος,
879 2716 1158 2779 Megarenses
1209 2727 1352 2765 autem
1395 2720 1617 2776 προς-χίλια.
