1826 3080
921 127 1021 175 214

241 261 299 310 ad
341 281 490 311 verum
533 262 709 309 accessit
753 260 1006 319 Weberus,
1049 261 1123 328 qui
1167 261 1214 310 in
1252 262 1388 311 Poett.
1432 262 1534 363 Grn
1573 262 1692 329 Eleg-

238 361 280 407 p
316 341 428 391 241.
462 341 570 390 haec
604 341 663 388 ita
698 340 888 390 verterit.

1035 422 1195 470 Selbst
1227 420 1317 471 hat

406 499 621 548 Phoibos
654 498 747 547 den
779 498 1014 548 schoerten
1047 503 1247 565 Gesang
1273 499 1526 566 Tyndarus
1550 499 1694 550 Soch-

1036 598 1128 628 nen
1161 579 1369 643 gelehrt,

310 657 439 704 Aber
483 675 532 704 es
577 658 734 724 grets!
774 675 887 705 zum
935 661 1131 707 Kranze
1176 659 1255 708 die
1307 655 1529 709 Schaar
1553 653 1697 708 unbe

1034 738 1286 788 scheidner
1320 737 1545 788 Cccaden.

245 814 309 861 Ita
354 815 466 864 enim
512 818 689 882 corrigit
732 817 1027 866 hexametrum
1070 819 1116 866 in
1152 818 1474 868 Animadverss.
1509 837 1551 887 p.
1588 814 1697 868 618.

243 891 507 959 Quanquam
546 897 675 944 verba
711 898 878 945 Graeca
911 917 1067 964 parum
1103 911 1300 947 accurate
1335 896 1552 966 expressit.
1613 898 1699 946 Fa-

241 970 390 1020 bulam
426 986 569 1022 autem
595 976 821 1042 Spartanis
855 978 1078 1042 propriam
1115 978 1246 1026 fuisse
1281 978 1418 1043 ponit,
1450 975 1698 1044 Apollinem

242 1062 370 1098 cantu
406 1054 615 1102 erudiisse
649 1055 952 1122 Tyndaridas,
986 1068 1035 1103 ut
1065 1056 1197 1104 Chiro
1233 1055 1438 1104 erudierit
1471 1054 1697 1103 Achillem.

241 1130 424 1179 Cicadas
457 1133 630 1197 conjicit
654 1146 804 1199 poetas
836 1153 942 1191 esse,
976 1133 1050 1199 qui
1086 1134 1205 1200 quod
1240 1153 1285 1182 se
1318 1132 1514 1201 Apollini
1549 1134 1696 1200 aequi-

239 1226 394 1273 parare
429 1211 522 1258 ausi
557 1212 655 1268 sint,
690 1213 892 1278 superbia
915 1231 995 1260 sua
1023 1212 1295 1260 Simonidem
1330 1212 1699 1269 exacerbaverinn

240 1286 422 1335 forsitan
457 1290 699 1339 Pindarum
735 1292 867 1356 tangi.
915 1292 967 1339 In
1002 1291 1162 1356 quibus
1195 1291 1268 1339 illa
1303 1291 1428 1339 valde
1459 1291 1699 1358 probamus

239 1384 350 1430 quae
385 1367 439 1415 de
475 1369 655 1418 aemulis
690 1370 954 1418 Simonideis
987 1371 1254 1436 suspicatur,
1292 1371 1367 1436 qui
1411 1370 1480 1419 vix
1514 1370 1699 1419 dubium

238 1464 329 1493 esse
374 1460 515 1512 potest
564 1450 669 1515 quin
720 1450 1092 1515 perstringantur:
1145 1450 1311 1516 reliqua
1360 1469 1450 1498 non
1498 1450 1702 1499 videntur

238 1543 418 1590 scopum
462 1528 683 1592 attingere.
763 1529 877 1576 Nam
923 1528 1030 1594 quid
1076 1529 1133 1576 ad
1169 1529 1440 1577 Simonidem
1476 1528 1699 1595 aequales·-

239 1622 322 1667 que
356 1617 506 1670 poetas
540 1607 809 1672 pertinebat,
859 1608 895 1655 si
941 1607 1163 1657 ferebatur.
1193 1607 1353 1656 fabulis
1387 1638 1456 1646 --
1488 1607 1698 1656 concede-

166 1705 175 1712 ·
239 1701 336 1730 mus
371 1685 486 1732 enim
522 1703 761 1751 parumper
801 1684 976 1733 solitum
1020 1705 1112 1735 esse
1147 1687 1248 1734 ferri
1282 1714 1374 1744 —-,
1417 1685 1699 1754 Tyndaridas

239 1761 474 1827 antiquitus
508 1763 641 1811 victos
678 1782 768 1811 esse
804 1765 962 1811 cantu?

371 1840 460 1888 Sed
495 1842 797 1891 emendandus
832 1843 952 1891 locus
994 1856 1058 1892 est
1097 1857 1328 1910 antequam
1373 1842 1700 1910 explicationem

238 1920 506 1983 aggrediare.
554 1921 668 1969 Nam
704 1941 830 1970 versu
865 1924 1010 1989 priore
1042 1923 1241 1982 έςάγηται
1273 1923 1493 1972 verissime
1516 1923 1700 1990 Stepha-

237 2018 319 2046 nus
355 2011 396 2046 et
429 1999 639 2057 Ursinus,
682 2001 834 2067 procul
871 2002 1007 2050 dubio
1050 2021 1101 2050 ex
1136 2001 1258 2051 libris
1292 2003 1490 2051 vetustis:
1535 2003 1583 2051 in
1615 2002 1703 2050 fine

237 2077 449 2136 άοίὸησαν
483 2081 653 2142 (αοιδης
686 2079 761 2137 ἂν)
800 2081 1034 2138 Canterus,
1070 2081 1202 2129 editio
1235 2081 1570 2147 Lugdunensis,
1605 2080 1699 2130 Ste-

238 2157 423 2222 phanus.
500 2158 650 2206 Altero
697 2179 823 2207 versu
866 2162 1155 2215 ἐπεστέψαντο
1198 2161 1332 2210 codex
1378 2161 1420 2209 A
1462 2172 1504 2210 et
1538 2160 1702 2208 Casan-

236 2235 401 2284 bonus:
447 2239 695 2295 έπέμψαντο
743 2239 977 2296 Canterus3
1027 2241 1271 2298 ἐμέμψαντο
1319 2239 1468 2306 Steph.
1517 2250 1560 2286 et
1603 2241 1701 2287 Urs.

238 2316 423 2363 Ursinus
468 2316 642 2381 quidem
690 2317 734 2364 in
779 2317 862 2366 alia
907 2319 1055 2366 onmia
1101 2318 1230 2376 abiit,
1274 2337 1410 2384 quum
1453 2317 1597 2366 locum
1632 2317 1701 2365 Si-

236 2394 511 2451 monideum,
565 2414 693 2459 quem
754 2396 873 2461 apud
920 2397 1192 2445 Athenaeum
1245 2409 1446 2464 corrupte
1493 2397 1699 2463 scriptum

237 2474 361 2531 dicit,
396 2475 454 2522 ita
490 2474 706 2521 exhibuit:

501 2559 669 2612 Φοῖβος
702 2554 899 2612 ἐςάγηται
931 2558 1242 2615 τυνδαρίδῃσιν

502 2633 527 2659 ’““
548 2630 780 2691 ἅοίδησαν·
823 2632 1001 2692 ἅμετροι
1037 2635 1215 2692 τέττιγες

502 2714 749 2771 ἐμέμψαντο
784 2717 843 2774 τῷ
881 2716 1096 2774 Κορωνῷ.
