1826 3080
902 105 1004 149 222

275 237 492 298 ’Ώικτειρε
540 236 625 295 γαρ
670 234 809 283 αὐτόν
853 233 978 296 ὕδωρ
1020 237 1086 283 ἀεὶ
1131 239 1354 297 φορέοντα
1396 237 1508 293 Διὸς
1547 237 1692 299 κούρα

1151 320 1405 374 βασιλεῦσιν
1418 319 1459 382 ·)

220 394 516 456 ὑπαρχόντων
562 389 646 440 οὖν
687 393 861 439 τούτων
907 398 1129 454 ταχθῆναί
1171 411 1279 454 φασι
1322 399 1384 458 τῷ
1420 394 1479 455 μή
1512 413 1694 457 παραγε-

221 475 393 536 νομένῳ
428 478 517 520 τῶν
551 477 779 533 χορευτῶν
822 477 884 527 εἰς
923 470 1005 532 τήν
1050 472 1300 534 ὦρισμένην
1333 471 1457 535 ὥραν
1490 475 1695 535 παρέχειν

220 556 280 614 τῷ
318 550 408 614 ὄνῳ
444 557 617 610 χοίνικα
651 555 835 611 κριθῶν.
908 555 1053 598 Τοῦτο
1102 547 1187 599 οὖν
1220 551 1306 599 κᾶν
1338 556 1400 616 τῷ
1436 557 1594 615 ποιητῇ
1631 555 1696 601 λέ-

220 638 391 688 γεσθαι·
439 634 510 676 καὶ
556 630 669 677 εἶναι
709 629 788 677 τόν
831 633 913 690 μὲν
957 632 1013 678 οὐ
1058 634 1252 695 φέροντα
1293 630 1345 679 τό
1387 636 1488 679 τοῦ·
1509 634 1697 692 τέττιγος

222 707 389 755 ἄεθλον
423 707 502 755 τόν
538 709 622 756 οὐκ
658 712 872 756 ἐθέλοντα
906 708 1054 771 ᾄδειν,
1079 712 1425 771 ’Πανοπηϊάδην
1458 710 1576 778 (υἱός
1607 720 1698 760 Πα-

222 793 392 847 νοπῆος
425 787 618 844 Ἐπειός,
654 789 784 836 Hom.
823 789 948 837 Iliad.
985 791 1166 849 XXIII,
1202 792 1334 853 665.)
1377 792 1424 838 δὲ
1457 789 1537 838 τόν
1571 788 1697 848 ὄνον,

221 861 327 925 μέγα
371 873 554 914 δεῖπνον
595 866 675 926 τήν
723 869 895 926 χὀίνικα
938 873 1036 916 τῶν-
1070 874 1255 930 κριθῶν.
1325 869 1456 919 Adde
1497 870 1694 919 Eustath.

224 948 352 994 Hom,
405 946 454 994 ll.
501 965 542 1012 p.
591 948 742 1004 1323,
796 949 872 994 60.
945 946 1005 995 ‘H
1044 952 1229 1009 ρηθεῐσα
1273 954 1443 1011 ἱστορία
1487 952 1568 1008 τῆς
1615 951 1700 996 τοῦ

222 1025 401 1072 Ἐπειοῦ
441 1023 795 1085 ὑδροφορήσεως
843 1025 1082 1086 ὑπεκίνησε
1130 1026 1209 1075 τόν
1260 1032 1589 1088 Σιμωνίδην
1639 1033 1701 1075 αἴ-

224 1123 352 1162 ννγμα
397 1106 560 1150 θέσθαι
604 1106 677 1151 ἐπὶ
718 1102 810 1167 ὄνῳ
853 1104 1194 1166 ὑδροφοροῦντι
1239 1106 1360 1169 αὐτῷ
1405 1125 1451 1153 τε
1493 1110 1567 1153 καὶ
1607 1114 1702 1161 τοῖς

226 1189 462 1241 μαθηταῖς,
507 1185 556 1229 έν
593 1178 628 1245 ᾧ
671 1184 995 1242 Πανοπηϊάδην
1038 1187 1205 1240 ἐκεῖνος
1247 1184 1327 1232 τόν
1362 1187 1556 1246 ρηθέντα
1589 1183 1700 1233 ὄνον

224 1263 368 1318 εἶπεν,
402 1260 546 1321 ἤγουν
578 1265 829 1317 Πανοπέως
870 1261 973 1310 υἰὸν
1006 1262 1195 1311 Ἐπειόν.
1274 1264 1472 1329 Ingenuo
1514 1265 1700 1314 Ioannes

224 1341 428 1388 Siceliota
463 1341 507 1388 in
546 1342 812 1406 Hermogen.
862 1342 984 1408 apud
1019 1341 1175 1390 Walz.
1210 1342 1354 1391 Rhett.
1391 1343 1493 1391 Grr.
1527 1344 1613 1402 VI,
1658 1361 1700 1410 p.

227 1421 336 1467 200.
396 1423 614 1472 Τοιοῦτον
647 1424 720 1467 καὶ
752 1419 803 1467 τό
836 1425 918 1468 τοῦ
951 1425 1281 1480 Σιμωνίδου
1316 1420 1430 1484 πρός
1462 1421 1570 1478 τούς
1596 1425 1703 1470 ἕταί·

227 1519 357 1558 ρους,
395 1500 418 1546 ὃ
457 1499 615 1554 πόνοις
647 1504 720 1548 καὶ
754 1501 970 1557 ἐξετάσεσι
1005 1502 1186 1553 πολλῶν
1221 1502 1332 1548 ἐτῶν
1366 1501 1492 1560 μόλις
1524 1501 1701 1561 ἐνόησα,

228 1583 348 1638 εἴπερ
383 1582 456 1624 καὶ
490 1579 673 1638 ἐνόησα·

330 1660 450 1716 Φημὶ
481 1655 562 1703 τὸν
597 1656 682 1704 οὐκ
717 1660 930 1704 ἐθέλοντα
966 1661 1118 1718 φέρειν
1154 1660 1341 1717 τέττιγος
1373 1656 1541 1705 ἄεθλον

326 1740 388 1798 τῷ
424 1736 718 1796 Πανοπηιάδῃ
755 1734 858 1795 μετα
894 1741 1076 1783 δεῖπνον
1110 1736 1267 1783 δώσειν
1300 1735 1366 1783 ἐπ’
1400 1735 1480 1796 ἥατ’.

228 1818 338 1876 Περὶ
370 1814 453 1875 γοὶρ
487 1815 652 1863 τούτου
686 1819 823 1862 ταῦτα
858 1820 1079 1875 νοοῦμεν·
1114 1813 1193 1861 τόν
1227 1814 1286 1874 μή
1319 1817 1511 1862 θέλοντα
1546 1817 1702 1875 φέρειν

229 1894 372 1941 πόνον
406 1898 479 1941 καὶ
513 1894 664 1954 ἀγῶνα
698 1894 814 1955 ὑπὲρ
847 1899 929 1942 τοῦ
963 1897 1169 1953 τέττιγος,
1215 1896 1411 1940 τουτέστι
1452 1898 1535 1941 τοῦ
1578 1895 1701 1954 ποιή-

227 1995 373 2034 ματος,
409 1982 494 2021 κτλ.
561 1976 777 2024 Festivam
815 1975 989 2023 alterius
1026 1974 1221 2027 versiculi
1258 1974 1519 2040 scripturam
1554 1974 1703 2040 sequi-

231 2068 300 2103 tur
334 2057 377 2102 in
418 2057 772 2122 interpretatione
808 2075 884 2103 sua
903 2093 914 2111 ,
962 2073 1094 2119 quam
1138 2072 1226 2102 non
1270 2053 1533 2102 sustinemus
1563 2071 1705 2120 appo-

228 2154 329 2182 nere
366 2136 595 2200 integram.
666 2136 867 2183 Ceterum
905 2155 939 2182 v.
980 2133 1180 2198 Prolegg.
1215 2152 1255 2200 p.
1294 2134 1366 2208 yl.
