1826 3080
839 105 928 155 181

146 242 273 310 enj-
324 241 587 309 precationis
644 241 901 291 memoriam
962 237 1084 306 quod
1137 237 1401 287 Plutarchus
1455 250 1620 286 statuas

146 321 334 372 heae
367 319 533 389 positas
566 332 739 379 narrat,
780 320 837 369 de
877 340 960 369 suo
993 317 1222 368 confinxit:
1262 316 1620 384 Theopompum,

144 419 199 452 ex
230 419 323 469 que
365 411 411 452 et
441 400 537 468 ipse
569 418 649 448 sua
682 418 822 467 paene
866 399 924 448 ad
971 399 1152 448 verbum
1199 397 1450 464 descripsit,
1496 396 1622 444 aliter

143 479 364 530 rettuli&
393 478 647 530 Athenaeus
688 490 730 529 et
772 477 1018 528 Scholiasta
1062 477 1196 527 fidem
1231 476 1410 527 faciunt.
1477 476 1536 524 Et
1568 475 1621 523 il-

144 557 225 609 lud
257 557 446 649 quidem·
471 577 655 627 prorsus
689 557 940 625 exploditur
975 570 1018 606 et
1045 558 1108 607 rei
1144 558 1281 625 ipsius
1315 555 1545 605 insolentia
1581 567 1622 603 et

145 637 311 688 diserto
348 637 600 688 testimonio
644 636 887 696 Athenaei,
934 637 1011 704 qui
1054 637 1250 686 tabulam
1286 637 1448 704 pictam
1484 635 1622 703 ipsius

145 729 286 767 aetate
323 717 595 785 superfuisse
637 716 842 766 affirmat.
928 717 1100 783 Lapsus
1135 715 1457 766 Chaeronensis
1500 726 1623 763 ortus

145 814 199 847 ex
226 814 365 865 prava
394 796 612 864 scriptura
646 816 797 846 versus
830 796 1030 846 alterius:
1064 798 1251 844 ἔσταθεν
1284 794 1531 855 εὐξάμεναι.

280 875 395 926 Cum
429 894 556 926 versu
594 876 636 925 1.
671 895 879 943 compara
913 876 1064 943 Epigr.
1099 875 1331 933 CLXVII,
1368 876 1409 923 1.
1447 873 1625 922 Ἐλλάδι

145 957 221 1003 nat
258 959 544 1016 Μεγαρεῦσιν
585 955 829 1016 ἐλεύθερον
882 950 1000 1017 ἆμαρ
1047 956 1190 1013 ἀέξειν
1229 974 1325 1022 sqq.
1394 954 1623 1003 Praeclare

145 1034 264 1085 enim
307 1034 536 1085 universae
579 1035 792 1085 Graeciae
841 1036 988 1103 potior
1029 1035 1220 1084 habetur
1267 1052 1373 1083 suae
1425 1034 1622 1101 ipsorum

144 1113 328 1164 civitatis
371 1114 522 1165 salute.
586 1113 816 1175 Ἑλλήνων
858 1115 1124 1166 Athenaeus.
1187 1116 1304 1164 Tum
1351 1112 1623 1173 εὐθυμάχων

143 1193 420 1253 Athenaeus,
452 1195 538 1244 nisi
572 1195 694 1262 quod
729 1195 766 1244 P
800 1198 956 1255 ἐθυμ.,
990 1197 1030 1244 Β
1065 1194 1336 1256 εὐθυμάχων
1369 1213 1440 1251 τε,
1476 1214 1512 1242 v.
1547 1213 1621 1242 su-

143 1292 227 1343 pra
258 1273 412 1342 Epigr.
445 1274 654 1333 CLXVI,
692 1275 757 1330 1.;
791 1275 1054 1324 Plutarchus
1089 1274 1341 1335 ἰθυμάχων,
1377 1274 1495 1323 unde
1528 1274 1620 1321 Do-

143 1351 306 1403 braeus
331 1353 537 1421 Append.
566 1354 790 1421 Aristoph‚
826 1374 868 1422 p.
895 1356 1051 1419 (129.)
1083 1358 1309 1414 ὶθυμαχᾶν
1343 1353 1622 1419 conjectavit;

144 1430 292 1482 Schol-
337 1432 522 1482 Pindari
556 1432 838 1495 ἀγχεμάχων,
884 1434 1021 1483 codex
1067 1433 1242 1483 Vratisl.
1280 1435 1322 1482 D
1358 1433 1620 1493 ἐγχεμοίχων.

144 1511 203 1562 In
235 1510 326 1562 fine
366 1520 500 1561 πολιν
532 1532 614 1560 ταν
646 1514 861 1564 Athenaei
898 1514 1034 1563 codex
1069 1514 1137 1572 A,
1186 1513 1318 1561 πόλιν
1351 1513 1621 1561 τϋνεστάθεν

143 1591 211 1651 B,
240 1592 511 1640 τύνέσταθεν
543 1592 593 1640 Ρ.
726 1597 772 1642 2.
808 1593 1116 1660 Expressimus
1150 1613 1263 1660 quae
1298 1613 1387 1642 uua
1422 1613 1522 1643 vera
1558 1606 1621 1642 est

142 1670 405 1739 taiptnram
450 1669 721 1722 scholiastae
766 1673 971 1723 Pindarit
1028 1676 1163 1730 Hae,
1210 1693 1397 1740 quarum
1439 1674 1619 1722 nomina

143 1750 484 1801 continebantur
524 1751 711 1809 tabella,
758 1752 1031 1802 adstabant
1066 1763 1326 1819 precantes
1378 1756 1619 1801 Venerem.

142 1827 407 1880 Plutarchus
448 1833 634 1879 ἔσταθεν
674 1831 906 1891 εὐξάμεναι
949 1852 1104 1900 prave,
1158 1834 1213 1883 de
1255 1852 1342 1899 qua
1392 1852 1438 1882 re
1484 1852 1617 1900 supra

144 1909 416 1959 monuimus:
452 1911 639 1977 pessime
665 1911 918 1961 Athenaeus
953 1915 1139 1960 ἔσταθεν
1172 1910 1381 1972 εὔχεσθαι
1413 1911 1619 1974 (εὔχεσθε

141 1986 226 2053 Β),
260 1988 379 2038 unde
412 1988 691 2056 intelligitur,
738 2010 829 2059 quo
874 1991 1016 2057 gradu
1053 1993 1110 2041 ad
1146 1992 1368 2041 Plutarchi
1405 1992 1617 2059 deprava-

143 2065 306 2116 tionem
338 2079 573 2136 natamque
617 2070 719 2119 inde
766 2070 934 2120 futilem
982 2072 1037 2121 de
1071 2072 1224 2122 statuis
1258 2073 1411 2139 positis
1444 2086 1615 2123 senten-

143 2145 248 2195 tiam
283 2159 540 2213 perventum
576 2149 651 2199 sit:
699 2171 801 2200 nam
838 2163 912 2200 aut
949 2154 1137 2199 ἕστασαν
1171 2151 1405 2214 εὐχόμεναι
1451 2153 1515 2202 vel
1552 2151 1619 2202 εἴ·

141 2233 299 2286 χεσθαι
332 2226 617 2277 scribendum
656 2230 758 2288 suit,
797 2232 835 2279 si
873 2232 1019 2280 tabula
1054 2251 1265 2299 suspensa
1302 2245 1415 2290 erat,
1449 2246 1546 2289 aut,
1580 2234 1617 2281 si

141 2315 311 2355 statuae
343 2306 605 2363 collocatae,
641 2312 826 2358 ἔσταθεν
860 2310 1105 2372 εὐξάμεναι.
1140 2339 1207 2351 --
1263 2312 1435 2361 Ibidem
1472 2311 1619 2371 δαιμό·

142 2403 232 2432 um
266 2385 538 2437 Plutarchus.
643 2393 686 2438 3.
720 2391 904 2451 ἐμήδετο
926 2391 1206 2450 Plutarchus,
1241 2390 1451 2451 ἐβούλετο
1476 2393 1616 2442 Scho-

142 2463 278 2515 liasta·
347 2467 464 2516 Tum
513 2467 764 2530 Ἀφροδίτη
800 2470 1013 2520 Athenaei
1049 2471 1185 2521 codex
1220 2471 1283 2528 B,
1331 2476 1402 2517 δῖα
1445 2478 1618 2519 θεοῖσιν

140 2541 386 2604 Ἀφροδίτα
428 2545 574 2596 Schol.
617 2549 753 2599 codex
800 2551 972 2600 Vratisl.
1020 2551 1084 2609 D,
1133 2552 1252 2601 unde
1287 2551 1510 2600 Boeckhio
1544 2556 1618 2599 δῖα

140 2622 292 2673 θεῶν
324 2625 608 2677 scribendum
645 2628 884 2679 videbatur.
1002 2631 1044 2680 4.
1085 2631 1259 2691 Μήδοις
1293 2649 1341 2679 ex
1380 2630 1615 2679 Plutarcho

143 2714 181 2749 et
216 2701 360 2754 schol.
397 2708 688 2773 suscepimus:
726 2713 916 2767 Πέρσαις
938 2711 1196 2760 Athenaeus.
1246 2712 1341 2757 Non
1378 2723 1437 2758 est
1469 2724 1611 2759 auten·
1700 2721 1729 2747 ’ν
