1826 3080
882 114 1029 149 XLVIII

215 237 408 288 sectandi
443 254 568 285 voces
603 236 790 284 rariores
835 248 877 284 et
919 254 1130 300 maguum
1173 237 1544 303 sonaturaszsqui
1584 237 1679 303 qui-

214 319 315 366 dem
349 335 488 384 prope
522 334 748 380 nunquam
786 334 810 363 a
846 314 1015 380 vulgari
1050 314 1225 364 dicendi
1260 314 1572 365 consuetudine
1600 316 1683 365 *de-⁴

211 397 395 454 flexerit⁷
458 396 541 443 hac
587 413 762 461 quoque
805 396 851 442 in
897 413 944 443 re
990 395 1187 444 tenuitati
1227 394 1441 444 sermonis
1479 395 1682 445 'sth'di'ose

210 476 493 543 prospiciens.

345 556 565 603 Hiatum
601 553 850 602 Simonides
886 553 1075 623 admittit
1109 553 1182 612 ita,
1215 565 1263 601 ut
1296 552 1460 620 ubique
1493 551 1540 602 in
1573 554 1682 622 Epi-

211 653 361 682 corum
404 645 633 700 poetarum
678 633 931 682 auctoritate
973 633 1208 700 repositam
1249 633 1410 700 habeat
1443 630 1682 682 excusatio·-

208 733 331 762 nem:
367 725 514 779 turpes
550 713 712 779 quique
747 712 889 760 hiatus
924 712 1161 760 certissima
1183 711 1485 761 emendatione
1507 710 1681 760 sublati.

208 795 391 841 Restant
417 793 462 850 ii,
499 793 574 859 qui
611 794 656 840 in
692 791 1063 858 alloquutionibus
1085 791 1315 841 accedente
1334 791 1683 858 interpunctione

209 884 468 929 cernuntur,
515 884 563 920 ut
608 873 654 920 in
695 872 876 920 Danaae
910 892 948 920 v.
983 871 1050 919 4.;
1095 872 1212 919 Εἶπέ
1250 890 1316 918 τε·
1353 866 1416 919 ’.Ω
1449 873 1598 929 τέκος,
1640 882 1684 919 et

207 952 358 1017 Epigr.
397 951 577 1008 CLVII,
617 952 656 998 1.
724 946 786 997 Ὦ
823 953 942 1008 ξένε,
978 947 1185 1011 εῧῦδρον.
1249 951 1303 998 In
1337 938 1491 998 eadem
1523 950 1683 998 Danaa

206 1051 244 1078 v.
281 1034 325 1079 3.
362 1030 484 1095 quod
518 1029 678 1094 legitur
711 1033 874 1088 δείματι
906 1026 1088 1088 ἤριπεν,
1134 1030 1183 1078 id
1216 1030 1272 1078 ab
1308 1049 1391 1078 usu
1425 1028 1572 1077 Dau‘vi
1605 1047 1679 1076 ve-

206 1109 325 1157 niam
367 1108 631 1174 impetrabit.
709 1099 824 1156 Sunt
866 1107 1079 1174 denique,
1121 1110 1196 1175 qui
1239 1128 1322 1176 ope
1363 1108 1578 1174 digammi
1611 1127 1680 1156 re-

206 1200 438 1237 moventur
473 1200 512 1235 et
547 1187 744 1254 exemplo
779 1200 1006 1254 poetarum
1042 1189 1298 1254 Epicorum:
1333 1207 1468 1254 quam
1501 1188 1548 1236 in
1576 1205 1680 1254 par-

206 1281 291 1316 tem
328 1267 656 1333 interpretanda
693 1266 815 1326 σοίφα
850 1267 998 1324 εἰδώς,
1035 1266 1140 1314 οὐδὲ
1175 1272 1347 1324 ἴσασιν,
1381 1264 1523 1328 ἄνδρα
1555 1266 1679 1323 ἰδών,

204 1348 371 1407 μήποτε
413 1352 560 1408 εἴπῃς,
606 1349 716 1406 χέρα
762 1348 857 1394 εἶπέ
889 1365 956 1403 τε,
999 1349 1254 1407 θαρσαλέον
1288 1349 1419 1403 ἔπος,
1463 1345 1542 1394 ubi
1574 1357 1680 1395 nota

204 1427 405 1476 ultimam
440 1428 557 1475 vocis
591 1429 845 1486 θαρσαλέον
878 1427 924 1474 in
960 1426 1047 1474 arsi
1080 1425 1357 1492 productam,
1390 1422 1500 1472 έπτοέ
1531 1427 1682 1472 lodici-

202 1507 380 1567 κάμων,
414 1505 465 1554 τό
485 1504 629 1554 Ἴλιον
665 1518 706 1553 et
740 1525 852 1571 quae
885 1517 988 1554 sunt
1023 1504 1130 1562 alia,
1165 1505 1201 1553 si
1237 1523 1324 1569 qua
1356 1514 1470 1552 sunt.

337 1588 390 1633 In
426 1584 883 1650 correptionibus
929 1582 1511 1650 productionibusque
1552 1581 1678 1630 bre-

203 1666 346 1712 vium
381 1663 655 1712 vocalium
690 1675 813 1710 ante
847 1656 1206 1710 mutam'cum
1239 1661 1456 1727 liquida
1481 1660 1677 1715 medium

204 1743 426 1809 quendam
473 1744 716 1790 Homerum
761 1742 876 1790 inter
923 1754 964 1791 et
997 1742 1240 1790 Pindarum
1276 1740 1421 1789 locum
1456 1752 1573 1789 tenet
1604 1739 1686 1798 ita,

203 1835 251 1871 ut
293 1823 454 1889 Epicae
497 1822 641 1888 poesis
688 1822 922 1870 auctoritas
964 1839 1274 1888 praegravasse
1309 1819 1525 1869 videatur.¹
1586 1819 1678 1867 Ra-

202 1903 319 1950 tione
354 1902 469 1950 enim
505 1901 685 1950 solerter
730 1901 837 1949 inita
882 1901 1029 1949 decem
1067 1901 1157 1949 fere
1189 1911 1479 1948 numerantur
1508 1897 1677 1965 produ-

202 1983 391 2039 ctiones,
442 1981 520 2029 ubi
561 1981 693 2029 semel
738 1980 859 2029 bisve
904 1979 1170 2047 corripiendi
1204 1979 1400 2028 licentiae
1433 1977 1676 2034 indulserit.

201 2061 512 2127 Diphthongos
547 2061 592 2108 in
629 2060 784 2108 mediis
819 2060 1041 2109 vocabulis
1077 2059 1304 2126 aliquoties
1331 2058 1523 2125 corripit,
1557 2057 1678 2106 utin

200 2132 455 2205 vulgaribus
497 2144 723 2196 τοιοῦτος,
776 2142 978 2199 ἐποίησε,
1022 2140 1082 2187 ita
1126 2139 1174 2187 in
1217 2159 1252 2186 v.
1287 2136 1579 2197 Ἀμυκλαίανε
1628 2135 1676 2190 in

200 2220 349 2285 Epigr.
397 2219 602 2276 CXCIII,
646 2223 686 2266 3.
740 2223 878 2277 δηΐων
923 2232 1131 2285 tanquam
1177 2229 1412 2289 anapaesto
1446 2216 1584 2265 utitur
1617 2213 1676 2262 ad

199 2317 402 2346 normam
450 2298 645 2346 Homeri.
699 2301 862 2347 ‚Voces
907 2300 1098 2358 χρυσέας
1142 2309 1183 2346 et
1226 2302 1322 2351 ἴσος
1364 2296 1509 2363 prima
1541 2293 1677 2343 hahet

200 2377 318 2425 brevi
345 2396 445 2425 cum
467 2377 682 2424 Pindaro:
719 2376 853 2433 καλός
886 2378 932 2426 in
959 2377 1130 2445 Lyricis
1165 2375 1349 2424 eandem
1384 2373 1519 2423 habet
1549 2390 1674 2422 men·

199 2476 362 2515 suram,
397 2457 442 2505 in
478 2456 821 2522 Epigrammatis
856 2457 1115 2524 producitur
1148 2473 1271 2503 more
1305 2465 1534 2521 poetarum
1565 2450 1672 2518 Epi-

199 2556 362 2585 corum.
443 2537 645 2601 Namque
687 2535 937 2586 Simonides
979 2536 1026 2583 in
1069 2534 1231 2599 Elegiis
1274 2546 1404 2600 atque
1436 2531 1673 2598 Epigram-

199 2616 326 2664 matis
370 2615 584 2664 sermonis
639 2615 763 2681 Epici
811 2614 1171 2664 consuetudinem
1217 2612 1419 2678 religiose
1467 2607 1671 2669 custodit,

197 2693 325 2741 veluti
361 2695 405 2742 in
441 2694 611 2762 Lyricis
646 2693 670 2740 ὁ
708 2693 832 2750 αἰών,
869 2692 1041 2743 femello
1076 2711 1233 2758 genere
1268 2693 1313 2741 in
1341 2689 1503 2755 Elegiis
1537 2700 1668 2754 atque
