1826 3080
904 121 971 166 22

201 270 332 318 quem
366 253 548 302 laudare
583 253 785 312 debebat,
821 253 914 318 ejus
950 252 1111 318 agendi
1145 253 1360 304 rationem
1393 256 1570 307 nonnisi
1596 256 1679 305 hu—

202 350 358 380 manae
392 332 659 381 infirmitatis
706 332 1003 382 consolatione
1037 333 1259 384 vindicare
1293 345 1489 401 poterat,
1515 347 1580 385 ‘ut
1610 336 1679 384 in—

200 411 359 476 juriam
397 413 435 460 ei
471 413 627 460 facturi
662 413 912 472 videamur,
954 413 992 462 si
1027 431 1140 479 quae
1174 413 1230 462 de
1264 415 1434 463 virtute·
1455 413 1682 483 abfelici-

200 503 286 540 tate
321 492 551 540 hominum
587 493 872 560 Deorumque
905 493 1054 542 favore
1089 505 1191 561 apta
1227 493 1414 552 disserit,
1448 493 1682 543 exanimo

201 572 363 638 scripta
397 572 639 639 opinemur.
707 573 871 622 Confer
902 572 1104 639 Prolegg.
1139 592 1182 640 p.
1201 575 1312 632 XV.‚
1345 572 1427 622 ubi
1458 573 1544 623 hoc
1562 572 1683 623 idem

201 669 379 698 carmen
413 669 506 699 esse
541 651 828 716 conjecimus,
862 652 984 719 quod
1018 672 1155 720 quum
1192 654 1396 702 Cranone
1429 650 1684 702 Pharsalive
1716 705 1724 712 ,

201 730 499 788 exhiberetur,
534 730 719 779 aedibus
754 731 948 781 subrutis
983 733 1218 781 exstinctus
1254 733 1422 798 Scopas
1454 750 1555 781 cum
1591 731 1684 781 suis

200 827 292 856 esse
329 809 500 867 dicitur,
535 822 730 858 servatus
765 830 881 860 unus
914 823 1042 878 poeta
1077 831 1103 860 a
1138 811 1426 881 Tyndaridis,
1461 831 1574 879 quos
1607 810 1684 860 illo

202 889 296 954 ipso
333 889 525 938 carmine
558 891 794 956 praeconio
829 910 910 940 suo
945 903 1154 941 ornasset.

713 1041 811 1095 χιιι.
878 1027 1158 1078 ἈΛΗΛΟΝ

335 1128 498 1177 Strabo
533 1130 620 1187 IX,
657 1133 698 1178 5.
743 1150 785 1196 p.
821 1131 933 1179 441.
1012 1129 1102 1179 Διοῖ
1135 1130 1186 1178 τό
1221 1129 1380 1190 ἀναμὶξ
1417 1134 1556 1176 οἰκεῖν
1589 1136 1683 1175 Σι-

200 1213 446 1267 μωνίδης
479 1207 765 1302 Περῤαιβούς
798 1213 870 1256 καὶ
906 1215 1114 1266 Λαπίθας
1146 1218 1272 1258 καλεῖ
1299 1208 1406 1265 τούς
1436 1208 1682 1267 Heluam&-

201 1306 276 1342 τας
322 1284 521 1343 ἅπαντας
561 1307 668 1342 τους
710 1286 764 1334 τοὶ
808 1291 898 1352 ἑῷα
945 1293 1208 1350 κατέχοντας
1249 1310 1303 1337 τα
1337 1293 1437 1351 περὶ
1470 1292 1683 1349 Γυρτῶνα

202 1369 273 1412 καὶ
306 1386 385 1421 τας
417 1365 605 1427 ἐκβολας
637 1371 720 1413 τοῦ
755 1372 954 1427 Πηνειοῦ
999 1373 1071 1416 καὶ
1091 1367 1267 1418 ’Ὄσσαν
1299 1372 1372 1416 καὶ
1404 1367 1579 1428 Πήλιον
1610 1371 1682 1414 καὶ

201 1464 251 1491 τα
288 1449 388 1506 περὶ
421 1446 711 1507 Δημητριάδα
745 1450 818 1494 καὶ
850 1445 903 1494 τοὶ
937 1450 988 1494 ἐν
1022 1452 1082 1512 τῷ
1118 1453 1253 1512 πεδίῳ
1289 1448 1533 1509 Λάρισσαν,
1569 1454 1684 1507 Κρα-

204 1530 347 1582 mima,
393 1531 711 1584 Σκοτοῦσσαν,
757 1527 972 1585 Μόψιον,
999 1525 1199 1588 ”Amana
1245 1531 1318 1574 καὶ
1362 1546 1415 1574 τα
1461 1531 1562 1588 περὶ
1604 1546 1685 1585 την

205 1610 463 1652 Νεσσωνίδα
497 1611 656 1665 λίμνην
691 1610 763 1652 καὶ
794 1611 1020 1667 Βοιβηΐδα.

334 1685 455 1734 Haec
510 1706 599 1734 non
646 1687 906 1752 ambiguum
952 1673 1038 1735 est?
1062 1687 1170 1753 quin
1222 1687 1265 1735 in
1321 1686 1592 1735 carminibus
1638 1688 1682 1733 in

201 1764 428 1830 Scopadas
462 1765 773 1832 Alcuadasque
808 1767 1065 1833 conscriptis
1100 1766 1246 1815 locum
1280 1766 1539 1824 habuerint,
1574 1785 1683 1832 quo-

202 1863 296 1892 rum
334 1846 528 1911 privatae
565 1846 751 1895 dicionis
798 1858 887 1894 tota
928 1846 1004 1894 illa
1038 1847 1160 1911 regio
1195 1846 1288 1894 fuit.
1370 1847 1491 1894 Dixit
1526 1858 1685 1900 autem,

201 1924 382 1989 opinor,
427 1925 698 1984 Simonides,
745 1927 934 1992 majores
977 1926 1153 1975 illorum
1189 1926 1273 1975 sibi
1309 1939 1500 1991 agrestes
1534 1938 1685 1991 gentes

200 2003 558 2053 Perrhaeborum
593 2006 972 2073 Lapitharumque
1010 2006 1272 2056 subdidisse.
1340 2007 1544 2073 Namque
1578 2006 1684 2054 Per-

200 2082 353 2130 rhaebi
402 2102 426 2131 a
451 2085 674 2151 ,Lapithis
728 2086 884 2135 devicti
941 2087 987 2134 in
1041 2086 1241 2151 regiones
1292 2098 1526 2134 montanas
1572 2085 1685 2133 circa

202 2161 449 2229 Olympum
488 2175 529 2211 et
548 2166 716 2231 Tempe
751 2165 913 2230 rejecti,
946 2163 1029 2224 τήν
1063 2166 1111 2212 δὲ
1146 2164 1297 2226 χώραν
1330 2167 1403 2212 καὶ
1436 2162 1544 2220 τούς
1574 2163 1686 2211 ’ὑπο-

197 2244 466 2300 λειφθέντας
497 2248 587 2290 τῶν
621 2248 889 2305 Περῤαιβῶν
922 2247 1137 2304 κατέσχον
1172 2252 1460 2305 Λαρισσαῐοι·
1500 2273 1563 2280 -—
1598 2244 1684 2290 La·

203 2322 350 2370 iissaei
387 2334 531 2372 autem
557 2324 783 2374 Aleuadae
818 2324 875 2373 ab
910 2324 1082 2391 illisque
1118 2325 1201 2373 otti
1228 2324 1541 2391 Scopadae—
1561 2319 1685 2370 οὗτοι

198 2396 286 2448 οὖν
321 2411 524 2462 κατεῖχον
558 2406 668 2459 τέως
701 2403 783 2464 τήν
803 2408 1079 2500 Πεῤῥαιβίαν
1103 2407 1176 2451 καὶ
1203 2404 1380 2464 φόρους
1400 2401 1684 2463 ἑπραττοντο,

196 2483 285 2536 ἕως
327 2487 550 2538 Φίλιππος
591 2486 772 2543 κατέστη
815 2481 972 2546 κύριος
1013 2488 1104 2531 τῶν
1137 2483 1312 2540 τόπων,
1358 2482 1519 2532 Strabo
1554 2484 1606 2529 X
1643 2500 1683 2546 p.

196 2563 310 2609 311.
350 2563 549 2612 Tauchn.
585 2595 653 2601 —
690 2565 893 2613 Ceterum
927 2583 981 2611 τα
1017 2583 1117 2622 περι
1141 2563 1429 2624 Δημητριάδα
1455 2561 1687 2611 Strabonis

194 2654 315 2698 sunt,
337 2663 475 2708 quum
496 2662 546 2692 ea
558 2644 667 2693 urbs
687 2664 711 2692 a
726 2643 950 2694 Demetrio
964 2643 1143 2692 demum
1157 2643 1401 2692 Poliorceta
1425 2640 1600 2690 condita
1620 2640 1684 2687 sit.

194 2721 232 2769 Α
242 2721 330 2770 dde
343 2723 397 2770 O.
410 2723 606 2773 Mueller.
621 2724 677 2773 ad
688 2734 895 2791 mappam
907 2723 1146 2790 geograph.
1158 2723 1312 2772 Graec.
1325 2720 1485 2771 boreal.
1497 2739 1538 2786 p.
1552 2722 1581 2767 7
1591 2737 1684 2785 sqq.
