1826 3080
911 114 1006 163 198

222 248 359 295 bitare
403 248 519 296 licet:
563 268 663 296 nam
710 249 941 296 choreutae
983 247 1047 295 vel
1093 249 1332 312 tripodem
1377 251 1477 298 sihi
1514 261 1684 301 testem

178 358 184 365 -
223 327 454 374 victoriae
489 328 662 388 fecisse
709 327 771 374 vel
815 326 1058 391 tripodem
1098 327 1199 374 sibi
1236 336 1404 376 testem
1454 330 1684 379 victoriae

221 403 472 452 dedicasse
516 406 599 453 dici
642 418 853 471 poterant.
923 405 1119 455 Alterum
1162 406 1414 473 simplicius,
1478 408 1682 461 cenenum

221 483 328 531 nihil
364 484 612 532 Simonides
650 484 708 531 ad
742 484 917 532 laudem
951 497 1124 551 poetae:
1158 498 1288 552 poeta
1321 487 1438 535 enim
1473 499 1576 536 erat.
1629 510 1658 522 ‚-
1697 506 1699 509 ·

357 565 397 611 7.
433 562 566 611 Poeta
600 568 811 623 Δωρίους
840 562 1070 625 καθαρθεὶς
1094 563 1263 621 avil-0239
1294 565 1534 633 praedicat,
1565 566 1685 618 uu&

221 658 396 688 carmen
439 639 548 688 illud
590 643 751 692 Dorios
795 643 1001 692 habuisse
1023 660 1249 697 ,numeros
1289 656 1331 693 et
1362 645 1548 694 Dor-iam
1581 645 1685 695 har-

220 719 411 767 moniam
454 719 697 784 colligitur,
752 741 789 770 v.
831 722 1033 788 Prolegg.
1078 742 1120 788 p.
1168 724 1239 771 LI.
1315 723 1384 774 De
1421 724 1542 773 tibiis
1580 724 1692 775 tibi·

220 799 475 864 ciuibusque
510 800 709 863 Argivis,
755 802 831 867 'qui
868 813 974 850 teste
1006 802 1135 850 Paus.
1173 802 1258 859 IV,
1291 806 1379 861 27,
1411 803 1456 852 4.
1501 802 1579 852 νεὶ
1602 821 1683 870 po-

219 878 474 927 sterioribus
523 880 793 945 temporibus
843 881 1007 947 pariter
1058 893 1187 947 atque
1231 882 1402 930 Boeotii
1443 882 1491 930 in
1543 883 1685 950 pretio

218 970 361 1014 erant,
404 978 440 1004 v.
487 958 682 1006 Mueller.
729 960 857 1007 Dorr.
905 960 974 1017 II,
1017 979 1059 1026 p.
1103 963 1212 1008 332.
1282 960 1506 1010 Tibicines
1538 963 1684 1010 autem

218 1050 347 1103 atque
385 1037 505 1084 chori
550 1038 768 1102 magistri,
814 1057 1002 1103 quorum
1047 1058 1116 1087 ars
1161 1038 1359 1104 diligenti
1402 1039 1684 1089 meditatione

216 1135 296 1165 nec
331 1135 419 1164 non
457 1115 664 1165 diuturno
699 1137 781 1165 usu
816 1130 979 1182 egeret,
1013 1137 1144 1184 saepe
1180 1118 1362 1167 Athenis
1408 1118 1683 1167 adhibeban-

218 1209 289 1244 tur
331 1196 569 1261 peregrini‚
614 1196 737 1261 cujus
779 1198 840 1244 rei
877 1196 1070 1262 exempla
1114 1216 1164 1244 ex
1200 1197 1354 1245 Atticis
1387 1197 1682 1263 inscriptioni-

217 1277 300 1324 bus
351 1275 489 1322 dedit·
518 1276 683 1323 Neuius
728 1275 935 1344 Bacchyl.
993 1295 1035 1341 p.
1092 1278 1166 1323 72.
1305 1277 1350 1324 9.
1394 1275 1683 1342 Hipponicus,

216 1355 466 1404 Struthonis
501 1354 635 1413 filius,
678 1355 854 1403 aliunde
887 1374 979 1403 non
1013 1366 1143 1402 notus
1180 1383 1239 1391 -—-
1275 1373 1367 1402 non
1398 1354 1572 1403 videtur
1603 1372 1682 1402 au—

218 1449 301 1484 tem
339 1434 396 1482 ad
432 1433 715 1482 clarissimam
759 1446 930 1498 gentem
975 1435 1324 1500 Hipponicorum
1368 1445 1410 1482 et
1444 1431 1683 1481 Galliarum

216 1515 473 1582 pertinuisse
509 1543 596 1570 ——,
633 1515 684 1561 in
724 1515 1016 1561 Gratiarum
1051 1531 1197 1560 curru
1235 1512 1357 1570 vehi,
1392 1513 1436 1561 h.
1455 1531 1490 1561 e.
1526 1512 1684 1559 omni-

216 1595 306 1641 bus
339 1595 523 1655 gratiis·
556 1594 965 1639 instructissimus
1000 1611 1091 1640 esse
1126 1592 1306 1649 dicitur,
1341 1603 1390 1640 ut
1422 1604 1539 1641 recte
1569 1591 1683 1658 cepit

217 1673 570 1721 Hemsterhusius
613 1672 670 1719 ad
718 1671 891 1718 Lacian.
934 1672 984 1718 T.
1023 1671 1068 1726 I,
1114 1689 1156 1735 p.
1200 1671 1302 1726 28„
1348 1671 1557 1736 quoniam
1591 1688 1682 1719 nou

214 1764 468 1817 pepercerat
523 1751 771 1817 sumptibus
819 1751 865 1797 in
916 1750 1051 1796 choro
1102 1749 1370 1797 instituendo
1428 1749 1683 1816 reliquoque

216 1830 309 1878 festi
346 1831 430 1878 diei
467 1842 679 1896 apparatu
718 1828 1028 1895 comparando.
1093 1827 1306 1876 Cancellis
1338 1829 1580 1894 saepsimus
1614 1827 1682 1876 ul-

214 1909 367 1957 timum
406 1909 642 1958 distichon:
677 1909 870 1975 primum
905 1908 1026 1973 quod
1062 1908 1145 1955 hoc
1178 1907 1307 1956 inane
1333 1906 1682 1956 additamentum

214 1988 404 2045 videtur-3
449 1988 607 2036 deinde
651 1988 709 2035 ob
756 1987 987 2035 dialectum
1036 1988 1242 2035 Doricam
1285 1987 1433 2036 subito
1471 1987 1681 2050 ingruen-

218 2079 324 2123 tem,
372 2068 447 2115 sed
496 2068 631 2133 Epica
675 2067 816 2114 forma
858 2066 1010 2112 θεάων
1044 2066 1248 2114 insubide
1282 2066 1499 2123 vitiatam,
1544 2082 1680 2130 quum

216 2146 357 2193 Attica
404 2146 614 2194 dialectus
659 2147 926 2211 requiratur,
972 2165 1008 2193 v.
1047 2145 1235 2194 Praetat.
1263 2145 1436 2211 Epigrr.
1471 2163 1514 2210 p
1554 2144 1682 2200 142.;

216 2237 435 2289 postremo
492 2226 548 2272 ob
595 2226 733 2274 ultimi
786 2224 982 2273 versiculi
1035 2224 1278 2273 deformem
1327 2223 1548 2271 habitum·
1604 2222 1681 2288 qui

216 2305 422 2367 quoniam
460 2304 587 2351 variis
623 2304 861 2352 auificiisi
848 2324 892 2355 m
929 2305 1212 2369 comptiorem
1259 2303 1445 2370 speciem
1481 2301 1683 2350 exornari

217 2394 380 2447 potest,
426 2402 511 2430 non
560 2396 644 2430 tam
692 2385 810 2431 fraus
846 2383 1124 2432 librariorum
1161 2403 1292 2449 quam
1328 2381 1529 2449 imperita
1564 2378 1680 2444 glos-

215 2461 370 2508 satoris
407 2480 561 2509 manus
598 2463 835 2510 incusanda
873 2463 1053 2511 videtur.
1128 2465 1240 2511 Nam
1276 2460 1501 2526 Bentlejus
1534 2462 1683 2517 θῆκαν

214 2544 328 2586 θεᾶν
363 2546 387 2586 ἰ.
424 2543 455 2586 ἕ.
495 2549 554 2589 M.
592 2542 786 2605 neglecta
824 2561 1024 2598 caesura,
1072 2542 1127 2590 de
1162 2561 1248 2608 qua
1293 2562 1330 2589 v.
1368 2543 1410 2590 9.
1447 2537 1679 2589 excusabili

214 2638 247 2664 v.
300 2620 535 2667 Hermann,
582 2620 695 2686 Epit.
743 2623 790 2669 l).
836 2623 895 2669 M.
944 2640 984 2687 p.
1031 2623 1165 2676 211.;
1223 2621 1447 2670 lacobsius
1493 2620 1681 2664 Μοισᾶν

211 2697 358 2743 θεάων
395 2711 464 2746 aut
501 2704 687 2746 θεαινᾶν
722 2705 877 2758 θῆκαν
912 2700 1190 2760 ἰοστεφάνων
1227 2703 1365 2755 &ntem
1403 2698 1680 2746 normannus
