1826 3080
914 98 1008 146 188

229 234 474 294 γράφοντες
506 231 794 290 ἐνεχάραξαν·
841 230 1009 277 Τόνόε
1043 238 1130 277 κτλ.
1194 231 1315 280 Idem
1350 233 1527 281 Aristid.
1570 233 1690 282 XIX.

233 310 294 359 To*
327 315 502 371 πλῆθος
534 315 624 358 τῶν
657 309 884 356 πεσόντων
918 318 1128 369 μαρτυρεῖ
1170 314 1242 357 καὶ
1286 309 1339 357 τοὶ
1371 311 1571 371 μνήματα
1602 331 1692 360 κοι-

229 389 311 438 νόν
344 392 547 448 γενέσθαι
590 387 641 434 τό
674 382 942 448 κατόρθωμα
986 391 1059 435 καὶ
1089 388 1170 435 τᾶν
1201 388 1355 449 βώμὸν
1391 389 1477 438 οὐκ
1508 387 1567 438 ὃὺ
1597 393 1693 439 ἐπέ-

227 480 403 531 γραψαν
447 465 609 523 οὕτως,
656 471 695 512 εἰ
742 465 874 526 μόνοι
922 475 1037 528 τρεῖς
1090 467 1238 524 πόλεις
1284 470 1558 530 ἠγωνίσαντο
1600 475 1692 519 τῶν

227 546 376 596 ἄλλων
410 547 570 606 οἷτρέμα
603 547 932 603 καθεζομένων·
992 547 1060 594 Τό
1071 552 1134 594 νδ
1145 567 1165 594 ε
1197 555 1314 605 κτλ.,
1362 549 1439 596 ubi
1463 567 1564 615 «quo
1596 549 1692 615 jure

229 628 414 676 omissus
448 638 558 674 esset
591 624 713 690 prior
745 636 1014 690 pentameter
1048 627 1258 692 quaesivit
1278 626 1543 677 Sintenisius
1557 628 1692 678 Praess

228 708 300 755 fat.
343 725 384 772 p.
428 705 588 752 XVIII.
665 703 740 751 Ad
787 703 901 751 hanc
948 723 1069 752 aram
1118 706 1234 754 Iovis
1279 706 1559 755 Liberatorisz
1592 718 1694 774 poet

227 785 438 852 praelium
474 784 725 832 Plataeense
758 802 809 831 ex
844 802 1063 832 marmore
1097 796 1356 833 exstructam
1389 797 1555 852 spectat
1575 786 1692 834 Pau—

228 864 445 921 san.=1X‚
480 867 533 920 2,
569 863 612 910 4.
679 860 803 909 Kato?
847 860 929 921 τήν
972 865 1130 909 ἔσοδον
1170 862 1354 921 μάλιστα
1384 861 1546 923 miv&
1576 863 1693 912 Πλῶ

226 962 352 991 ταιαν
385 942 522 1002 τάφοι
551 945 642 988 τῶν
686 939 798 1001 πρός
831 942 1022 1000 Μήδους
1065 945 1377 1001 μαχεσαμένων
1410 946 1515 989 εἰσί·
1559 949 1695 990 Adae·

228 1027 469 1082 δαιμονίων
511 1022 558 1067 δὲ
603 1022 674 1066 καὶ
706 1019 960 1079 Ἀθηναίων
1001 1028 1093 1075 τοῖς
1135 1026 1349 1068 πεσοῦσιν
1382 1026 1472 1083 ἰδίᾳ
1503 1023 1551 1068 τέ
1582 1023 1693 1069 εἰσιν

230 1107 276 1148 οἱ
314 1100 451 1159 τάφοι
491 1102 564 1146 καὶ
609 1098 772 1157 ἐλεγεῖά
816 1102 905 1146 ἐστι
947 1103 1267 1158 Σιμωνίδου
1309 1103 1580 1161 γεγραμμένα
1624 1099 1691 1147 ἐπ’

230 1179 381 1234 αὐτοῖς
425 1182 558 1244 (quae
601 1179 862 1244 perierunt)
913 1177 968 1229 οὐ
1010 1178 1167 1239 πόῤῥω
1213 1181 1261 1226 δὲ
1295 1178 1502 1227 οἷπόντοῦ
1533 1183 1691 1226 κοινοῦ

228 1263 318 1306 τῶν
348 1257 574 1315 Ἑλλήνων
608 1256 720 1311 Διός
754 1259 870 1303 ἐστιν
903 1256 1194 1316 Ἐλευθερίου
1227 1257 1401 1317 βωμός·
1439 1261 1577 1305 τοῦτο
1605 1258 1693 1316 ,μὲν

228 1335 283 1396 δη
326 1339 516 1395 χαλκοῦ,
555 1338 636 1381 τοῦ
679 1332 791 1388 Διός
830 1335 878 1381 δὲ
917 1334 998 1382 τόν
1039 1353 1085 1381 τε
1127 1334 1281 1396 βωμᾶν
1323 1340 1396 1383 καὶ
1435 1335 1494 1384 τὰ
1522 1335 1692 1396 ἄγαλμα

228 1420 441 1476 ἐποίησαν
473 1417 635 1462 λευκοῦ
668 1417 815 1461 λίθου.
1683 1464 1685 1472 2

364 1493 502 1540 Versu
543 1496 582 1540 1.
635 1497 759 1552 νίκης
803 1501 950 1554 κρατεῖ
990 1496 1101 1557 ἔργῳ
1132 1493 1303 1555 ’Ἄρηος
1343 1496 1597 1563 scripsimus
1619 1495 1694 1544 de

231 1583 377 1619 nostra
421 1572 746 1620 emendatione:
805 1578 929 1631 νίκης
973 1573 1138 1632 κράτει,
1186 1577 1298 1637 ἔργῳ
1330 1572 1503 1635 ’Ἄρηος
1542 1573 1694 1637 (πόθῳ

219 1649 402 1712 ’Ἄργεος
435 1650 598 1697 Aldina
633 1650 679 1698 in
713 1651 799 1697 vita
833 1651 1060 1716 Aristidis)
1095 1652 1380 1708 Plutarchus,
1427 1653 1506 1700 ubi
1548 1665 1695 1701 tamen

231 1727 409 1793 quidam
466 1728 636 1775 codices
691 1733 790 1789 νίκῃ
837 1737 987 1790 κρατεῖ
1027 1730 1230 1778 offerunt.
1300 1731 1524 1779 Palatinus
1570 1731 1694 1792 ῥώμη

230 1805 370 1867 χερὸς,
405 1810 516 1869 ἔργῳ
550 1810 703 1871 (ἔργον
728 1809 938 1874 Ursinus)
957 1806 1140 1868 ”Αρηος,
1174 1810 1296 1875 quod
1330 1810 1470 1874 quivis
1504 1809 1570 1872 vel
1603 1828 1694 1857 non

231 1887 420 1935 monitus
454 1886 656 1951 intelligit
688 1906 840 1953 sapere
872 1900 1182 1936 correctorem:
1217 1888 1389 1936 rhetore
1416 1888 1500 1936 hoc
1518 1887 1695 1952 diguitis

231 1985 361 2032 quam
397 1978 523 2032 poeta
560 1966 660 2014 Ceo.
729 1968 829 2015 Non
865 1966 1003 2015 multo
1038 1967 1194 2015 melior
1225 1967 1400 2032 vulgata
1435 1966 1556 2033 apud
1589 1965 1694 2014 Plu-

229 2046 428 2094 tarchum
471 2045 708 2112 scriptura:
759 2065 870 2112 quae
911 2047 1136 2112 quomodo
1180 2046 1406 2112 paullatim
1453 2045 1696 2094 deformata

230 2125 285 2172 sit
317 2125 495 2190 vestigia
529 2137 774 2173 monstrant
807 2125 1034 2174 librorum.
1112 2125 1167 2173 In
1209 2137 1357 2174 nostra
1392 2124 1696 2173 emendatione

231 2203 362 2251 verba
403 2208 526 2262 νίκης
560 2207 670 2267 ἔργῳ
714 2205 760 2252 in
802 2224 941 2253 unum
985 2204 1110 2270 quasi
1155 2204 1403 2253 coalescunt
1435 2202 1696 2252 vocabulum

231 2281 563 2344 Siegeswerls‚
601 2283 669 2330 cui
704 2282 904 2331 additum
923 2280 1116 2344 ”Λρηος,
1159 2303 1246 2349 quo
1281 2282 1397 2331 bello
1429 2292 1695 2348 reportatam

231 2379 327 2409 eam
360 2361 582 2410 victoriam
619 2381 709 2410 esse
744 2363 974 2428 aperiatur.
1020 2363 1183 2411 Confer
1217 2363 1396 2410 Homer.
1430 2361 1481 2409 Il.
1509 2361 1589 2419 lv,
1615 2360 1693 2410 84.

231 2438 344 2495 Ζεύς
375 2441 630 2501 ἀνθρώπων
662 2446 812 2501 ταμίης
846 2443 1082 2500 πολέμοιο,
1117 2462 1154 2489 v.
1190 2439 1456 2509 Bernhardy
1487 2440 1615 2507 Syut.
1649 2457 1691 2505 p.

235 2520 330 2567 162
350 2538 443 2585 sqq.
464 2532 505 2568 et
524 2521 599 2586 qui
622 2520 728 2568 haec
749 2520 1070 2569 accuratissime
1087 2533 1338 2587 persecutus
1355 2531 1419 2579 est
1439 2517 1624 2567 Lobeck.
1649 2516 1694 2565 in

232 2597 365 2663 Soph.
390 2598 510 2663 Ajac.
531 2600 640 2647 309.
664 2599 729 2646 ed.
753 2600 812 2647 ΙΙ.
880 2603 924 2647 2.
953 2603 1098 2658 ψυχῆς
1119 2599 1275 2659 λάματι
1301 2605 1358 2663 (v.
1391 2594 1695 2660 1.-”»Ελλανες)

231 2675 319 2722 Pal.
357 2677 572 2741 Compara
596 2677 749 2725 Aesch.
773 2677 912 2726 Perss.
937 2679 1013 2726 55.
1046 2675 1263 2736 Βαβυλών
1280 2680 1436 2735 πέμπει
1467 2678 1693 2737 τοξουλκῷ
