1826 3080
901 143 975 179 LIV

217 263 365 314 ἄλλων
398 283 531 314 τινων
561 264 817 324 ,ὁμωνύμων
850 267 912 328 (et
942 283 1032 312 non
1056 262 1327 327 ὁμωνύμων)
1361 266 1556 322 ποιητῶν
1580 281 1675 313 car-

215 343 336 393 mina
371 343 575 392 exhiberi.
636 341 971 392 Commentariis
1003 342 1146 391 bonae
1179 341 1317 406 frugis
1350 333 1490 407 plenis
1523 360 1575 393 ea
1608 343 1676 393 in·

215 424 371 473 struxit
403 424 473 471 Fr.
501 422 738 471 Iacobsius.
780 423 940 471 Nostra
975 432 1111 471 aetate
1135 420 1411 470 Gaisfordius
1434 420 1676 473 anekia-

214 522 317 552 nam
360 502 626 566 farraginem
670 519 769 549 cum
809 500 1056 551 Ursinianis
1097 499 1418 567 imperitissime
1464 498 1678 558 conflavit,

216 581 375 629 additis
410 580 676 646 quibusdam
709 579 766 631 de
799 598 902 629 suo:
936 580 1200 629 Britannum
1232 597 1395 643 magna
1427 577 1600 629 levitate
1629 578 1678 627 in

214 661 298 710 hoc
332 659 510 726 quidem
543 677 676 725 opere
710 670 925 710 versatum
948 658 1122 725 Lipsiae
1143 657 1400 708 instauravit
1427 655 1544 705 Guil.
1566 656 1679 704 Din-

215 738 403 795 dorfius,
437 738 474 786 is
507 757 684 805 quoque
716 737 877 786 notulis
911 737 983 786 hic
1014 736 1101 786 illic
1136 736 1374 803 adspersis:
1408 735 1597 785 eundem
1633 735 1680 785 in

212 817 442 867 Britannia
471 837 614 884 nuper
637 818 671 864 I.
700 817 753 866 A.
783 817 916 875 Giles,
950 816 1267 865 Baccalaureus
1285 815 1562 873 oxoniensis,
1597 814 1679 864 du·-

214 916 307 945 cem
329 896 470 960 elegit,
505 897 629 962 cujus
647 895 889 962 Scriptores
914 895 1104 944 Graecos
1120 895 1315 944 Minores
1341 892 1587 943 incredibili
1610 893 1680 958 ju·

213 976 316 1024 dicii
350 976 626 1041 perversitate
653 975 699 1023 in
727 975 796 1024 his
823 975 949 1024 terris
976 992 1209 1040 recoquere
1236 984 1472 1039 coeperunt
1486 973 1676 1023 Franco·

213 1055 316 1103 furti
341 1054 398 1102 ad
420 1056 644 1104 Moenum.
682 1054 795 1102 Sunt
811 1066 1046 1121 praeterea,
1069 1054 1143 1119 qui
1167 1064 1334 1119 partem
1352 1052 1398 1100 in
1419 1051 1555 1101 libros
1576 1070 1680 1101 suos

213 1145 482 1200 receperunt,
516 1146 563 1181 ut
599 1133 792 1198 Ilgenius
826 1133 872 1180 in
899 1132 1144 1181 Scoliorum
1177 1131 1487 1189 collectionem,
1520 1131 1679 1180 Iacob·

213 1213 302 1261 sius
323 1212 389 1261 vel
407 1213 690 1262 Thierschius
708 1212 852 1279 potius
881 1211 927 1259 in
950 1210 1262 1275 Anthologiam
1280 1211 1515 1268 Poeticam,
1535 1209 1681 1259 Mehl-

214 1292 397 1340 hornius
431 1292 477 1340 in
504 1291 819 1355 Anthologiam
847 1291 1066 1358 Lyricam,
1093 1289 1409 1338 Boissonadius
1437 1289 1484 1340 in
1506 1290 1558 1338 T.
1579 1290 1680 1338 XV.

214 1372 448 1419 Poetarum
470 1373 753 1422 Graecorum.
797 1369 1030 1433 Amorgini
1061 1368 1301 1418 Simonidis
1325 1369 1498 1419 iambos
1518 1385 1680 1434 nuper·

213 1450 323 1498 rime
345 1449 639 1499 Welckerum
664 1449 893 1498 secrevisse
925 1467 1042 1496 nunc
1069 1448 1247 1497 demum
1270 1448 1455 1499 affertur
1479 1447 1680 1498 nuncius.

212 1530 306 1578 Nos
330 1529 527 1594 priorum
553 1530 839 1595 interpretum
861 1539 1120 1584 commenta,
1152 1546 1263 1592 quae
1289 1526 1356 1575 vel
1380 1545 1524 1576 sermo
1543 1526 1683 1574 Grae-

215 1629 292 1657 cus
317 1608 381 1655 vel
411 1609 608 1657 doctrina
630 1620 867 1656 metrorum
893 1606 957 1655 vel
983 1618 1098 1654 aetas
1125 1605 1311 1670 denique
1333 1616 1483 1654 nostra
1504 1622 1682 1670 respue·

216 1699 294 1743 ret,
315 1699 362 1734 ut
380 1706 462 1752 par
481 1699 584 1744 erat,
606 1687 857 1753 pressimus,
875 1697 916 1733 et
932 1685 1168 1750 pressimus
1192 1703 1281 1733 non
1297 1703 1450 1750 pauca,
1469 1676 1553 1732 hac
1573 1701 1683 1748 quo-

215 1766 356 1832 quein
369 1784 520 1814 caussa
533 1785 623 1815 non
641 1778 729 1815 tam
744 1766 998 1829 ambiguam
1015 1763 1205 1834 aliquam
1221 1763 1396 1812 laudem
1411 1782 1462 1811 ex
1480 1762 1683 1826 religiosa

214 1846 540 1897 enumeratione
563 1845 782 1893 inutilium
808 1863 952 1892 rerum
977 1844 1157 1891 fortasse
1183 1842 1303 1908 ap‘ud
1325 1842 1541 1908 quosdam
1566 1840 1684 1906 judi-

215 1945 284 1975 ces
319 1926 530 1974 orituram
568 1936 851 1990 quaerenteS,
904 1942 1036 1989 quam
1076 1921 1203 1971 saluti
1242 1921 1464 1970 literarum
1499 1918 1682 1969 solliciti.

214 2007 329 2052 Nam
363 2005 538 2070 quaevis
562 2016 678 2053 aetas
711 2003 891 2068 profert,
925 2022 1036 2069 quae
1067 2013 1116 2049 ut
1143 2000 1428 2050 obliterentur
1449 1997 1684 2064 providen-

217 2084 323 2132 dum
348 2095 409 2131 est
429 2084 637 2147 sequenti,
659 2101 713 2130 ne
737 2081 851 2130 mole
873 2081 1117 2130 obruantur
1138 2079 1283 2145 potius
1303 2077 1450 2127 literae
1476 2068 1609 2142 quam
1630 2075 1684 2124 il-

216 2162 465 2219 lustrentur,
493 2174 533 2210 et
557 2161 680 2209 multi
701 2160 922 2210 erroribus
942 2158 1156 2225 implicari
1183 2157 1416 2214 debebant,
1446 2174 1536 2222 quo
1557 2153 1685 2205 nobis

218 2242 399 2306 aliisque
435 2241 516 2288 iter
550 2241 608 2288 ad
645 2260 793 2288 verum
823 2238 1134 2306 reperiundum
1172 2237 1426 2286 muniretur.
1493 2235 1684 2298 Largam

218 2320 512 2370 emendaturis
557 2339 739 2368 messem
777 2318 1059 2386 spondemus,
1094 2315 1327 2380 largiorem
1362 2326 1560 2382 paratam
1594 2331 1686 2361 esse

219 2399 478 2448 cavillaturis
520 2411 635 2447 certo
670 2399 853 2447 scimusz
889 2396 1142 2452 emendent,
1177 2394 1440 2444 cavillentur.
1489 2392 1582 2446 lSic
1609 2390 1684 2456 qui

219 2479 433 2528 tacuimus
459 2477 566 2528 alios
593 2478 672 2526 erit
702 2497 837 2543 quum
858 2477 1100 2526 tace-bimur
1116 2475 1199 2541 ipsi
1217 2485 1258 2523 et
1284 2485 1334 2523 ut
1363 2472 1427 2521 vel
1446 2472 1529 2520 hac
1545 2480 1684 2519 aetate

220 2572 459 2614 taceantur,
495 2569 644 2623 poetae
674 2558 809 2605 nostri
842 2575 991 2606 caussa
1021 2554 1294 2604 vehementer
1314 2563 1526 2618 optamus-
