<?xml version="1.0" encoding="UTF-8"?>
<!DOCTYPE html PUBLIC "-//W3C//DTD XHTML 1.0 Transitional//EN"
    "http://www.w3.org/TR/xhtml1/DTD/xhtml1-transitional.dtd">
<html xmlns="http://www.w3.org/1999/xhtml" xml:lang="en" lang="en">
 <head>
  <title>
</title>
<meta http-equiv="Content-Type" content="text/html;charset=utf-8" />
  <meta name='ocr-system' content='tesseract 3.04.00' />
  <meta name='ocr-capabilities' content='ocr_page ocr_carea ocr_par ocr_line ocrx_word'/>
</head>
<body>
  <div class='ocr_page' id='page_1' title='image "./simonidisceicarm00simouoft_0009.png"; bbox 0 0 1786 3112; ppageno 0'>
   <div class='ocr_carea' id='block_1_1' title="bbox 550 550 1287 613">
    <p class='ocr_par' dir='ltr' id='par_1_1' title="bbox 550 550 1287 613">
     <span class='ocr_line' id='line_1_1' title="bbox 550 550 1287 613; baseline -0.007 0"><span class='ocrx_word' id='word_1_1' title='bbox 550 550 1287 613; x_wconf 83' lang='lat' dir='ltr'>PRAEFATIO.</span> 
     </span>
    </p>
   </div>
   <div class='ocr_carea' id='block_1_2' title="bbox 793 727 1058 735">
    <p class='ocr_par' dir='ltr' id='par_1_2' title="bbox 793 727 1058 735">
     <span class='ocr_line' id='line_1_2' title="bbox 793 727 1058 735; baseline -0.008 0"><span class='ocrx_word' id='word_1_2' title='bbox 793 727 1058 735; x_wconf 46' lang='grc' dir='ltr'>-ῲ-ᾱ-</span> 
     </span>
    </p>
   </div>
   <div class='ocr_carea' id='block_1_3' title="bbox 184 862 1665 2742">
    <p class='ocr_par' dir='ltr' id='par_1_3' title="bbox 184 862 1665 2742">
     <span class='ocr_line' id='line_1_3' title="bbox 190 862 1662 941; baseline -0.001 -20"><span class='ocrx_word' id='word_1_3' title='bbox 190 862 335 941; x_wconf 81' lang='lat' dir='ltr'>Quae</span> <span class='ocrx_word' id='word_1_4' title='bbox 368 871 415 920; x_wconf 88' lang='lat' dir='ltr'>in</span> <span class='ocrx_word' id='word_1_5' title='bbox 452 870 592 940; x_wconf 79' lang='lat' dir='ltr'>Ibyco</span> <span class='ocrx_word' id='word_1_6' title='bbox 625 868 830 934; x_wconf 80' lang='lat' dir='ltr'>Rhegino</span> <span class='ocrx_word' id='word_1_7' title='bbox 866 880 965 917; x_wconf 89' lang='lat' dir='ltr'>ante</span> <span class='ocrx_word' id='word_1_8' title='bbox 998 867 1079 915; x_wconf 88' lang='lat' dir='ltr'>hos</span> <span class='ocrx_word' id='word_1_9' title='bbox 1114 867 1228 916; x_wconf 82' lang='lat' dir='ltr'>duos</span> <span class='ocrx_word' id='word_1_10' title='bbox 1269 886 1409 916; x_wconf 87' lang='lat' dir='ltr'>annos</span> <span class='ocrx_word' id='word_1_11' title='bbox 1443 868 1502 917; x_wconf 85' lang='lat' dir='ltr'>ab</span> <span class='ocrx_word' id='word_1_12' title='bbox 1532 870 1662 919; x_wconf 84' lang='lat' dir='ltr'>nobis</span> 
     </span>
     <span class='ocr_line' id='line_1_4' title="bbox 189 958 1663 1028; baseline -0.003 -15"><span class='ocrx_word' id='word_1_13' title='bbox 189 962 308 1013; x_wconf 77' lang='lat' dir='ltr'>edito</span> <span class='ocrx_word' id='word_1_14' title='bbox 351 961 446 1028; x_wconf 85' lang='lat' dir='ltr'>jure</span> <span class='ocrx_word' id='word_1_15' title='bbox 486 973 590 1010; x_wconf 88' lang='lat' dir='ltr'>sunt</span> <span class='ocrx_word' id='word_1_16' title='bbox 634 972 678 1009; x_wconf 83' lang='lat' dir='ltr'>et</span> <span class='ocrx_word' id='word_1_17' title='bbox 723 959 781 1008; x_wconf 92' lang='lat' dir='ltr'>ab</span> <span class='ocrx_word' id='word_1_18' title='bbox 828 958 924 1007; x_wconf 89' lang='lat' dir='ltr'>aliis</span> <span class='ocrx_word' id='word_1_19' title='bbox 958 959 1200 1025; x_wconf 84' lang='lat' dir='ltr'>vituperata</span> <span class='ocrx_word' id='word_1_20' title='bbox 1235 971 1278 1007; x_wconf 86' lang='lat' dir='ltr'>et</span> <span class='ocrx_word' id='word_1_21' title='bbox 1312 960 1370 1007; x_wconf 88' lang='lat' dir='ltr'>ab</span> <span class='ocrx_word' id='word_1_22' title='bbox 1404 960 1663 1009; x_wconf 80' lang='lat' dir='ltr'><strong>Hermanno</strong></span> 
     </span>
     <span class='ocr_line' id='line_1_5' title="bbox 190 1049 1662 1120; baseline -0.001 -19"><span class='ocrx_word' id='word_1_23' title='bbox 190 1065 320 1120; x_wconf 75' lang='lat' dir='ltr'>atque</span> <span class='ocrx_word' id='word_1_24' title='bbox 351 1050 599 1100; x_wconf 79' lang='lat' dir='ltr'>Welckero</span> <span class='ocrx_word' id='word_1_25' title='bbox 642 1068 823 1118; x_wconf 84' lang='lat' dir='ltr'>operam</span> <span class='ocrx_word' id='word_1_26' title='bbox 870 1049 1076 1098; x_wconf 82' lang='lat' dir='ltr'><strong>dedimus</strong></span> <span class='ocrx_word' id='word_1_27' title='bbox 1115 1060 1166 1097; x_wconf 88' lang='lat' dir='ltr'>ut</span> <span class='ocrx_word' id='word_1_28' title='bbox 1199 1050 1246 1097; x_wconf 88' lang='lat' dir='ltr'>in</span> <span class='ocrx_word' id='word_1_29' title='bbox 1280 1062 1503 1116; x_wconf 85' lang='lat' dir='ltr'>posterum</span> <span class='ocrx_word' id='word_1_30' title='bbox 1540 1070 1662 1099; x_wconf 86' lang='lat' dir='ltr'>cave-</span> 
     </span>
     <span class='ocr_line' id='line_1_6' title="bbox 189 1138 1662 1208; baseline -0.001 -16"><span class='ocrx_word' id='word_1_31' title='bbox 189 1155 352 1193; x_wconf 81' lang='lat' dir='ltr'>rentur.</span> <span class='ocrx_word' id='word_1_32' title='bbox 429 1143 486 1191; x_wconf 88' lang='lat' dir='ltr'>Et</span> <span class='ocrx_word' id='word_1_33' title='bbox 530 1159 669 1208; x_wconf 86' lang='lat' dir='ltr'>quum</span> <span class='ocrx_word' id='word_1_34' title='bbox 706 1142 989 1189; x_wconf 72' lang='lat' dir='ltr'>Hei-mannus</span> <span class='ocrx_word' id='word_1_35' title='bbox 1023 1138 1172 1187; x_wconf 89' lang='lat' dir='ltr'>libello</span> <span class='ocrx_word' id='word_1_36' title='bbox 1206 1138 1294 1196; x_wconf 86' lang='lat' dir='ltr'>illi,</span> <span class='ocrx_word' id='word_1_37' title='bbox 1338 1159 1468 1206; x_wconf 89' lang='lat' dir='ltr'>quem</span> <span class='ocrx_word' id='word_1_38' title='bbox 1506 1141 1662 1191; x_wconf 86' lang='lat' dir='ltr'>rudem</span> 
     </span>
     <span class='ocr_line' id='line_1_7' title="bbox 184 1229 1663 1298; baseline -0.003 -14"><span class='ocrx_word' id='word_1_39' title='bbox 184 1233 319 1284; x_wconf 58' lang='lat' dir='ltr'>&gt;nobis</span> <span class='ocrx_word' id='word_1_40' title='bbox 351 1243 394 1282; x_wconf 88' lang='lat' dir='ltr'>et</span> <span class='ocrx_word' id='word_1_41' title='bbox 418 1231 693 1281; x_wconf 84' lang='lat' dir='ltr'>inconditum</span> <span class='ocrx_word' id='word_1_42' title='bbox 722 1230 933 1280; x_wconf 80' lang='lat' dir='ltr'>excidisse</span> <span class='ocrx_word' id='word_1_43' title='bbox 953 1230 1193 1295; x_wconf 84' lang='lat' dir='ltr'>aegerrime</span> <span class='ocrx_word' id='word_1_44' title='bbox 1221 1229 1417 1289; x_wconf 78' lang='lat' dir='ltr'>ferimus,</span> <span class='ocrx_word' id='word_1_45' title='bbox 1453 1243 1564 1298; x_wconf 74' lang='lat' dir='ltr'>quot.</span> <span class='ocrx_word' id='word_1_46' title='bbox 1595 1233 1663 1280; x_wconf 86' lang='lat' dir='ltr'>in-</span> 
     </span>
     <span class='ocr_line' id='line_1_8' title="bbox 186 1321 1661 1380; baseline -0.001 -7"><span class='ocrx_word' id='word_1_47' title='bbox 186 1323 420 1373; x_wconf 70' lang='lat' dir='ltr'>haererent</span> <span class='ocrx_word' id='word_1_48' title='bbox 452 1323 556 1371; x_wconf 83' lang='lat' dir='ltr'>vitia</span> <span class='ocrx_word' id='word_1_49' title='bbox 589 1321 814 1379; x_wconf 82' lang='lat' dir='ltr'>acerbius,</span> <span class='ocrx_word' id='word_1_50' title='bbox 859 1333 910 1369; x_wconf 83' lang='lat' dir='ltr'>ut</span> <span class='ocrx_word' id='word_1_51' title='bbox 942 1339 1060 1369; x_wconf 91' lang='lat' dir='ltr'>nunc</span> <span class='ocrx_word' id='word_1_52' title='bbox 1094 1321 1225 1369; x_wconf 87' lang='lat' dir='ltr'>etiam</span> <span class='ocrx_word' id='word_1_53' title='bbox 1261 1321 1454 1380; x_wconf 85' lang='lat' dir='ltr'>videtur,</span> <span class='ocrx_word' id='word_1_54' title='bbox 1499 1335 1542 1371; x_wconf 87' lang='lat' dir='ltr'>et</span> <span class='ocrx_word' id='word_1_55' title='bbox 1576 1323 1661 1371; x_wconf 88' lang='lat' dir='ltr'>ira-</span> 
     </span>
     <span class='ocr_line' id='line_1_9' title="bbox 189 1410 1665 1479; baseline -0.001 -17"><span class='ocrx_word' id='word_1_56' title='bbox 189 1413 377 1462; x_wconf 78' lang='lat' dir='ltr'>cundius</span> <span class='ocrx_word' id='word_1_57' title='bbox 412 1412 674 1479; x_wconf 85' lang='lat' dir='ltr'>aperuisset,</span> <span class='ocrx_word' id='word_1_58' title='bbox 708 1411 851 1460; x_wconf 87' lang='lat' dir='ltr'>dolori</span> <span class='ocrx_word' id='word_1_59' title='bbox 885 1440 954 1448; x_wconf 93' lang='lat'><strong>—</strong></span> <span class='ocrx_word' id='word_1_60' title='bbox 987 1410 1169 1459; x_wconf 84' lang='lat' dir='ltr'>memini</span> <span class='ocrx_word' id='word_1_61' title='bbox 1203 1412 1320 1459; x_wconf 89' lang='lat' dir='ltr'>enim</span> <span class='ocrx_word' id='word_1_62' title='bbox 1357 1413 1462 1461; x_wconf 89' lang='lat' dir='ltr'>satis</span> <span class='ocrx_word' id='word_1_63' title='bbox 1490 1414 1665 1477; x_wconf 84' lang='lat' dir='ltr'>magni-</span> 
     </span>
     <span class='ocr_line' id='line_1_10' title="bbox 188 1501 1665 1568; baseline 0 -17"><span class='ocrx_word' id='word_1_64' title='bbox 188 1502 269 1552; x_wconf 78' lang='lat' dir='ltr'>fice</span> <span class='ocrx_word' id='word_1_65' title='bbox 303 1501 359 1551; x_wconf 84' lang='lat' dir='ltr'>de</span> <span class='ocrx_word' id='word_1_66' title='bbox 391 1501 605 1568; x_wconf 77' lang='lat' dir='ltr'>opusculo</span> <span class='ocrx_word' id='word_1_67' title='bbox 636 1501 714 1550; x_wconf 87' lang='lat' dir='ltr'>illo</span> <span class='ocrx_word' id='word_1_68' title='bbox 758 1501 918 1550; x_wconf 85' lang='lat' dir='ltr'>sentire</span> <span class='ocrx_word' id='word_1_69' title='bbox 954 1529 1021 1536; x_wconf 91' lang='lat'>-</span> <span class='ocrx_word' id='word_1_70' title='bbox 1055 1501 1176 1549; x_wconf 85' lang='lat' dir='ltr'>brevi</span> <span class='ocrx_word' id='word_1_71' title='bbox 1221 1502 1426 1550; x_wconf 81' lang='lat' dir='ltr'>successit</span> <span class='ocrx_word' id='word_1_72' title='bbox 1460 1503 1665 1568; x_wconf 81' lang='lat' dir='ltr'>cogitatio</span> 
     </span>
     <span class='ocr_line' id='line_1_11' title="bbox 186 1591 1663 1659; baseline 0 -17"><span class='ocrx_word' id='word_1_73' title='bbox 186 1591 521 1659; x_wconf 74' lang='lat' dir='ltr'>statuebamque</span> <span class='ocrx_word' id='word_1_74' title='bbox 554 1610 735 1659; x_wconf 85' lang='lat' dir='ltr'>operam</span> <span class='ocrx_word' id='word_1_75' title='bbox 770 1591 903 1648; x_wconf 85' lang='lat' dir='ltr'>dare,</span> <span class='ocrx_word' id='word_1_76' title='bbox 948 1603 998 1639; x_wconf 87' lang='lat' dir='ltr'>ut</span> <span class='ocrx_word' id='word_1_77' title='bbox 1030 1592 1068 1639; x_wconf 91' lang='lat' dir='ltr'>si</span> <span class='ocrx_word' id='word_1_78' title='bbox 1101 1610 1275 1657; x_wconf 80' lang='lat' dir='ltr'>possem</span> <span class='ocrx_word' id='word_1_79' title='bbox 1322 1611 1368 1640; x_wconf 85' lang='lat' dir='ltr'>re</span> <span class='ocrx_word' id='word_1_80' title='bbox 1403 1593 1498 1658; x_wconf 85' lang='lat' dir='ltr'>ipsa</span> <span class='ocrx_word' id='word_1_81' title='bbox 1534 1592 1663 1642; x_wconf 87' lang='lat' dir='ltr'>doce·</span> 
     </span>
     <span class='ocr_line' id='line_1_12' title="bbox 189 1683 1664 1749; baseline -0.001 -17"><span class='ocrx_word' id='word_1_82' title='bbox 189 1701 284 1732; x_wconf 83' lang='lat' dir='ltr'>rem</span> <span class='ocrx_word' id='word_1_83' title='bbox 327 1683 635 1732; x_wconf 81' lang='lat' dir='ltr'>Hermannum</span> <span class='ocrx_word' id='word_1_84' title='bbox 679 1700 813 1748; x_wconf 89' lang='lat' dir='ltr'>quam</span> <span class='ocrx_word' id='word_1_85' title='bbox 861 1700 999 1730; x_wconf 84' lang='lat' dir='ltr'>essem</span> <span class='ocrx_word' id='word_1_86' title='bbox 1043 1694 1275 1749; x_wconf 86' lang='lat' dir='ltr'>promptus</span> <span class='ocrx_word' id='word_1_87' title='bbox 1320 1701 1418 1730; x_wconf 88' lang='lat' dir='ltr'>mea</span> <span class='ocrx_word' id='word_1_88' title='bbox 1460 1702 1550 1731; x_wconf 90' lang='lat' dir='ltr'>non</span> <span class='ocrx_word' id='word_1_89' title='bbox 1585 1683 1664 1731; x_wconf 86' lang='lat' dir='ltr'>ad-</span> 
     </span>
     <span class='ocr_line' id='line_1_13' title="bbox 188 1772 1663 1839; baseline 0 -17"><span class='ocrx_word' id='word_1_90' title='bbox 188 1773 350 1822; x_wconf 85' lang='lat' dir='ltr'>mirari.</span> <span class='ocrx_word' id='word_1_91' title='bbox 437 1772 679 1839; x_wconf 84' lang='lat' dir='ltr'>Coeperam</span> <span class='ocrx_word' id='word_1_92' title='bbox 730 1783 823 1820; x_wconf 86' lang='lat' dir='ltr'>tum</span> <span class='ocrx_word' id='word_1_93' title='bbox 876 1773 1298 1838; x_wconf 79' lang='lat' dir='ltr'>praestantissimum</span> <span class='ocrx_word' id='word_1_94' title='bbox 1348 1772 1466 1821; x_wconf 87' lang='lat' dir='ltr'>hunc</span> <span class='ocrx_word' id='word_1_95' title='bbox 1516 1792 1663 1822; x_wconf 89' lang='lat' dir='ltr'>meum</span> 
     </span>
     <span class='ocr_line' id='line_1_14' title="bbox 188 1862 1665 1931; baseline 0 -19"><span class='ocrx_word' id='word_1_96' title='bbox 188 1875 363 1931; x_wconf 81' lang='lat' dir='ltr'>poetam</span> <span class='ocrx_word' id='word_1_97' title='bbox 398 1863 612 1912; x_wconf 79' lang='lat' dir='ltr'>curiosius</span> <span class='ocrx_word' id='word_1_98' title='bbox 646 1874 937 1928; x_wconf 83' lang='lat' dir='ltr'>pertractare:</span> <span class='ocrx_word' id='word_1_99' title='bbox 987 1882 1119 1929; x_wconf 90' lang='lat' dir='ltr'>quem</span> <span class='ocrx_word' id='word_1_100' title='bbox 1155 1864 1244 1928; x_wconf 87' lang='lat' dir='ltr'>jam</span> <span class='ocrx_word' id='word_1_101' title='bbox 1281 1862 1440 1919; x_wconf 84' lang='lat' dir='ltr'>multo,</span> <span class='ocrx_word' id='word_1_102' title='bbox 1486 1876 1534 1912; x_wconf 89' lang='lat' dir='ltr'>ut</span> <span class='ocrx_word' id='word_1_103' title='bbox 1568 1866 1665 1931; x_wconf 86' lang='lat' dir='ltr'>opi·</span> 
     </span>
     <span class='ocr_line' id='line_1_15' title="bbox 189 1950 1662 2021; baseline 0.001 -19"><span class='ocrx_word' id='word_1_104' title='bbox 189 1973 294 2011; x_wconf 89' lang='lat' dir='ltr'>nor,</span> <span class='ocrx_word' id='word_1_105' title='bbox 346 1952 482 2002; x_wconf 83' lang='lat' dir='ltr'>altero</span> <span class='ocrx_word' id='word_1_106' title='bbox 524 1950 653 2019; x_wconf 80' lang='lat' dir='ltr'>poeta</span> <span class='ocrx_word' id='word_1_107' title='bbox 697 1951 958 2002; x_wconf 78' lang='lat' dir='ltr'>limatiorem</span> <span class='ocrx_word' id='word_1_108' title='bbox 1003 1966 1155 2003; x_wconf 84' lang='lat' dir='ltr'>nostra</span> <span class='ocrx_word' id='word_1_109' title='bbox 1190 1973 1324 2021; x_wconf 82' lang='lat' dir='ltr'>opera</span> <span class='ocrx_word' id='word_1_110' title='bbox 1360 1966 1402 2003; x_wconf 81' lang='lat' dir='ltr'>et</span> <span class='ocrx_word' id='word_1_111' title='bbox 1435 1955 1511 2020; x_wconf 88' lang='lat' dir='ltr'>qui</span> <span class='ocrx_word' id='word_1_112' title='bbox 1547 1955 1662 2003; x_wconf 87' lang='lat' dir='ltr'>evol-</span> 
     </span>
     <span class='ocr_line' id='line_1_16' title="bbox 187 2043 1662 2110; baseline 0.001 -17"><span class='ocrx_word' id='word_1_113' title='bbox 187 2056 315 2093; x_wconf 77' lang='lat' dir='ltr'>vatur</span> <span class='ocrx_word' id='word_1_114' title='bbox 347 2043 595 2110; x_wconf 80' lang='lat' dir='ltr'>digniorem</span> <span class='ocrx_word' id='word_1_115' title='bbox 630 2043 882 2093; x_wconf 78' lang='lat' dir='ltr'>emittimus.</span> <span class='ocrx_word' id='word_1_116' title='bbox 925 2045 1056 2092; x_wconf 85' lang='lat' dir='ltr'>Hunc</span> <span class='ocrx_word' id='word_1_117' title='bbox 1082 2044 1345 2094; x_wconf 85' lang='lat' dir='ltr'>laetabimur</span> <span class='ocrx_word' id='word_1_118' title='bbox 1366 2046 1403 2093; x_wconf 86' lang='lat' dir='ltr'>si</span> <span class='ocrx_word' id='word_1_119' title='bbox 1436 2056 1476 2095; x_wconf 81' lang='lat' dir='ltr'>et</span> <span class='ocrx_word' id='word_1_120' title='bbox 1502 2045 1662 2095; x_wconf 89' lang='lat' dir='ltr'>duum-</span> 
     </span>
     <span class='ocr_line' id='line_1_17' title="bbox 187 2122 1662 2204; baseline 0.001 -20"><span class='ocrx_word' id='word_1_121' title='bbox 187 2134 291 2184; x_wconf 78' lang='lat' dir='ltr'>viris</span> <span class='ocrx_word' id='word_1_122' title='bbox 325 2134 410 2183; x_wconf 83' lang='lat' dir='ltr'>illis</span> <span class='ocrx_word' id='word_1_123' title='bbox 443 2147 486 2183; x_wconf 86' lang='lat' dir='ltr'>et</span> <span class='ocrx_word' id='word_1_124' title='bbox 520 2134 616 2183; x_wconf 88' lang='lat' dir='ltr'>aliis</span> <span class='ocrx_word' id='word_1_125' title='bbox 650 2132 781 2183; x_wconf 86' lang='lat' dir='ltr'>simili</span> <span class='ocrx_word' id='word_1_126' title='bbox 817 2122 973 2183; x_wconf 75' lang='lat' dir='ltr'>indole&#39;</span> <span class='ocrx_word' id='word_1_127' title='bbox 999 2134 1254 2185; x_wconf 88' lang='lat' dir='ltr'>hominibus</span> <span class='ocrx_word' id='word_1_128' title='bbox 1289 2137 1471 2186; x_wconf 77' lang='lat' dir='ltr'>eruditis</span> <span class='ocrx_word' id='word_1_129' title='bbox 1501 2156 1662 2204; x_wconf 87' lang='lat' dir='ltr'>appro-</span> 
     </span>
     <span class='ocr_line' id='line_1_18' title="bbox 190 2223 1664 2294; baseline 0.001 -22"><span class='ocrx_word' id='word_1_130' title='bbox 190 2224 286 2272; x_wconf 88' lang='lat' dir='ltr'>bari</span> <span class='ocrx_word' id='word_1_131' title='bbox 319 2223 668 2274; x_wconf 80' lang='lat' dir='ltr'>intellexerimus.</span> <span class='ocrx_word' id='word_1_132' title='bbox 714 2224 887 2274; x_wconf 82' lang='lat' dir='ltr'>ludices</span> <span class='ocrx_word' id='word_1_133' title='bbox 921 2224 1244 2291; x_wconf 85' lang='lat' dir='ltr'>adspernamur</span> <span class='ocrx_word' id='word_1_134' title='bbox 1278 2227 1435 2286; x_wconf 84' lang='lat' dir='ltr'>fatuos,</span> <span class='ocrx_word' id='word_1_135' title='bbox 1471 2246 1664 2294; x_wconf 82' lang='lat' dir='ltr'>asperos,</span> 
     </span>
     <span class='ocr_line' id='line_1_19' title="bbox 190 2314 1662 2381; baseline 0.002 -18"><span class='ocrx_word' id='word_1_136' title='bbox 190 2314 399 2379; x_wconf 76' lang='lat' dir='ltr'>injustos:</span> <span class='ocrx_word' id='word_1_137' title='bbox 443 2314 604 2380; x_wconf 85' lang='lat' dir='ltr'>justos,</span> <span class='ocrx_word' id='word_1_138' title='bbox 637 2333 831 2372; x_wconf 75' lang='lat' dir='ltr'>severos,</span> <span class='ocrx_word' id='word_1_139' title='bbox 866 2314 1153 2381; x_wconf 81' lang='lat' dir='ltr'>intelligentes</span> <span class='ocrx_word' id='word_1_140' title='bbox 1187 2316 1399 2366; x_wconf 81' lang='lat' dir='ltr'>volumus.</span> <span class='ocrx_word' id='word_1_141' title='bbox 1472 2319 1592 2375; x_wconf 84' lang='lat' dir='ltr'>Hos,</span> <span class='ocrx_word' id='word_1_142' title='bbox 1626 2319 1662 2366; x_wconf 81' lang='lat' dir='ltr'>si</span> 
     </span>
     <span class='ocr_line' id='line_1_20' title="bbox 190 2404 1662 2462; baseline 0.003 -9"><span class='ocrx_word' id='word_1_143' title='bbox 190 2423 279 2453; x_wconf 90' lang='lat' dir='ltr'>non</span> <span class='ocrx_word' id='word_1_144' title='bbox 313 2404 475 2462; x_wconf 72' lang='lat' dir='ltr'>nolent,</span> <span class='ocrx_word' id='word_1_145' title='bbox 508 2404 771 2455; x_wconf 84' lang='lat' dir='ltr'>confidimus</span> <span class='ocrx_word' id='word_1_146' title='bbox 806 2405 1098 2455; x_wconf 85' lang='lat' dir='ltr'>intellecturos</span> <span class='ocrx_word' id='word_1_147' title='bbox 1133 2427 1222 2455; x_wconf 85' lang='lat' dir='ltr'>non</span> <span class='ocrx_word' id='word_1_148' title='bbox 1257 2426 1308 2455; x_wconf 92' lang='lat' dir='ltr'>eo</span> <span class='ocrx_word' id='word_1_149' title='bbox 1340 2409 1490 2457; x_wconf 82' lang='lat' dir='ltr'>referri</span> <span class='ocrx_word' id='word_1_150' title='bbox 1517 2407 1662 2457; x_wconf 86' lang='lat' dir='ltr'>studia</span> 
     </span>
     <span class='ocr_line' id='line_1_21' title="bbox 190 2495 1662 2566; baseline 0.003 -23"><span class='ocrx_word' id='word_1_151' title='bbox 190 2508 363 2550; x_wconf 80' lang='lat' dir='ltr'>nostra,</span> <span class='ocrx_word' id='word_1_152' title='bbox 411 2506 459 2544; x_wconf 84' lang='lat' dir='ltr'>ut</span> <span class='ocrx_word' id='word_1_153' title='bbox 500 2495 621 2545; x_wconf 84' lang='lat' dir='ltr'>brevi</span> <span class='ocrx_word' id='word_1_154' title='bbox 667 2496 905 2562; x_wconf 84' lang='lat' dir='ltr'>perituram</span> <span class='ocrx_word' id='word_1_155' title='bbox 950 2496 1179 2563; x_wconf 80' lang='lat' dir='ltr'>gloriolam</span> <span class='ocrx_word' id='word_1_156' title='bbox 1224 2498 1487 2561; x_wconf 83' lang='lat' dir='ltr'>gloriolacve</span> <span class='ocrx_word' id='word_1_157' title='bbox 1522 2518 1662 2566; x_wconf 80' lang='lat' dir='ltr'>quan-</span> 
     </span>
     <span class='ocr_line' id='line_1_22' title="bbox 190 2573 1661 2657; baseline 0.004 -24"><span class='ocrx_word' id='word_1_158' title='bbox 190 2585 293 2634; x_wconf 88' lang='lat' dir='ltr'>dam</span> <span class='ocrx_word' id='word_1_159' title='bbox 327 2585 515 2651; x_wconf 86' lang='lat' dir='ltr'>speciem</span> <span class='ocrx_word' id='word_1_160' title='bbox 551 2573 845 2654; x_wconf 82' lang='lat' dir='ltr'>aucupemur,</span> <span class='ocrx_word' id='word_1_161' title='bbox 889 2607 977 2636; x_wconf 88' lang='lat' dir='ltr'>non</span> <span class='ocrx_word' id='word_1_162' title='bbox 1014 2601 1061 2637; x_wconf 83' lang='lat' dir='ltr'>ut</span> <span class='ocrx_word' id='word_1_163' title='bbox 1095 2590 1291 2639; x_wconf 85' lang='lat' dir='ltr'>scholam</span> <span class='ocrx_word' id='word_1_164' title='bbox 1327 2591 1440 2638; x_wconf 79' lang='lat' dir='ltr'>hanc</span> <span class='ocrx_word' id='word_1_165' title='bbox 1476 2590 1661 2657; x_wconf 85' lang='lat' dir='ltr'>philolo-</span> 
     </span>
     <span class='ocr_line' id='line_1_23' title="bbox 189 2676 1660 2742; baseline 0.003 -17"><span class='ocrx_word' id='word_1_166' title='bbox 189 2695 347 2741; x_wconf 75' lang='lat' dir='ltr'>gorum</span> <span class='ocrx_word' id='word_1_167' title='bbox 393 2678 563 2723; x_wconf 79' lang='lat' dir='ltr'>omnia</span> <span class='ocrx_word' id='word_1_168' title='bbox 610 2676 770 2726; x_wconf 84' lang='lat' dir='ltr'>scilicet</span> <span class='ocrx_word' id='word_1_169' title='bbox 812 2688 1162 2742; x_wconf 79' lang='lat' dir='ltr'>pervertentem</span> <span class='ocrx_word' id='word_1_170' title='bbox 1212 2681 1484 2730; x_wconf 84' lang='lat' dir='ltr'>cumulemus</span> <span class='ocrx_word' id='word_1_171' title='bbox 1521 2681 1660 2731; x_wconf 84' lang='lat' dir='ltr'>laudi-</span> 
     </span>
    </p>
   </div>
   <div class='ocr_carea' id='block_1_4' title="bbox 189 2766 1663 2839">
    <p class='ocr_par' dir='ltr' id='par_1_4' title="bbox 189 2766 1663 2839">
     <span class='ocr_line' id='line_1_24' title="bbox 189 2766 1663 2839; baseline 0.003 -24"><span class='ocrx_word' id='word_1_172' title='bbox 189 2766 294 2824; x_wconf 85' lang='lat' dir='ltr'>bus,</span> <span class='ocrx_word' id='word_1_173' title='bbox 341 2766 535 2816; x_wconf 83' lang='lat' dir='ltr'>convicia</span> <span class='ocrx_word' id='word_1_174' title='bbox 579 2786 867 2834; x_wconf 79' lang='lat' dir='ltr'>congeramus</span> <span class='ocrx_word' id='word_1_175' title='bbox 910 2769 954 2819; x_wconf 86' lang='lat' dir='ltr'>in</span> <span class='ocrx_word' id='word_1_176' title='bbox 991 2769 1160 2820; x_wconf 83' lang='lat' dir='ltr'>diversa</span> <span class='ocrx_word' id='word_1_177' title='bbox 1195 2784 1447 2839; x_wconf 79' lang='lat' dir='ltr'>sequentes:</span> <span class='ocrx_word' id='word_1_178' title='bbox 1503 2772 1580 2821; x_wconf 87' lang='lat' dir='ltr'>sed</span> <span class='ocrx_word' id='word_1_179' title='bbox 1616 2784 1663 2820; x_wconf 89' lang='lat' dir='ltr'>ut</span> 
     </span>
    </p>
   </div>
  </div>
 </body>
</html>
