1826 3080
886 124 954 174 83

182 259 483 311 Phocea-sem
517 260 760 309 consentiat
799 259 883 315 lx,
927 258 1032 314 28„
1076 276 1253 324 pugnae
1294 258 1376 324 ipsi
1413 256 1660 305 interfuisse

182 351 316 405 nogat
350 339 442 397 lx,
476 340 553 388 ⁵9.
621 339 921 388 Mercenariae
953 339 1088 403 igitur
1120 338 1279 387 Musae
1309 349 1466 405 poetae
1499 336 1601 392 Cei,
1634 354 1660 383 a

184 437 276 487 «po
318 418 406 469 alio
446 431 645 486 tmpore
678 437 726 468 se
758 417 901 467 laesos
936 417 1339 484 conquerebantur,
1383 437 1423 465 v.
1458 414 1661 479 Prolegg.

181 518 226 567 p.
268 499 498 557 xxvm,
541 498 655 548 hanc
695 499 734 548 si
775 517 864 565 qua
905 510 969 547 ωε
1014 497 1202 562 gloriam
1243 508 1464 564 acceptam
1499 494 1660 544 resere-

182 577 298 629 bont
327 578 568 635 corinthii,
610 579 687 645 qui
721 597 775 628 eo
805 589 1114 644 processerunt
1143 576 1464 644 impudentiae,
1504 586 1553 623 nt
1588 593 1660 623 eo-

127 690 132 694 ·
183 677 286 708 nm
325 677 440 725 quos
479 658 525 707 in
568 677 721 725 pugna
757 657 1002 706 Plataeensi
1043 656 1234 721 gloriose
1267 656 1524 706 occubuisse
1558 673 1664 703 con·

181 737 410 788 finxissent
442 738 685 798 κενοτάφια
709 737 985 786 conderent
972 756 1019 784 ιιι
1045 755 1154 802 agro
1183 735 1429 785 Plataeensi
1461 738 1664 793 ἐπαισχυ·

181 817 391 878 υόμηοι,
436 829 484 866 ut
526 817 585 866 ait
631 818 796 866 Herod.
832 818 920 875 IX,
952 819 1055 874 85„
1098 821 1150 878 τῇ
1186 816 1373 863 ἀπεστοῖ
1400 819 1479 874 τῆς
1509 814 1663 874 μάχης.

163 894 328 947 Iidem
364 896 491 945 tertio
525 895 623 944 loeo
655 909 757 963 post
789 897 1163 946 Lacedaemonios
1196 908 1237 944 et
1261 895 1550 944 Athenienses
1584 912 1665 942 no-
1703 900 1709 908 '

184 994 288 1025 men
319 975 672 1042 subscripserant
706 989 876 1025 statuae
912 977 1028 1025 Iovis
1062 975 1119 1024 ab
1155 975 1208 1024 iis
1233 975 1480 1024 civitatibus
1504 973 1664 1042 Olym-

184 1055 287 1123 piae
316 1056 498 1123 positae,
532 1074 646 1121 quae
670 1075 847 1123 pugnae
870 1055 1114 1105 Plataeensi
1140 1056 1441 1111 interfuerant,
1474 1073 1512 1100 v.
1534 1053 1663 1101 Paus.

0 1122 6 1176 i
108 1177 116 1185 .
182 1136 248 1192 V,
283 1137 372 1192 23,
411 1137 452 1183 1.
532 1134 785 1184 Simonides
826 1148 971 1184 autem
1014 1136 1119 1184 satis
1162 1134 1380 1200 significat
1412 1133 1534 1199 ipse,
1575 1150 1666 1179 non

182 1215 430 1264 consentire
465 1214 521 1263 de
556 1214 695 1280 gloria
720 1215 1049 1264 Corinthiorum
1076 1214 1239 1279 judicia
1259 1213 1506 1270 hominum,
1527 1229 1665 1278 quum

183 1295 342 1362 spretis
382 1294 645 1344 mortalibus
691 1294 750 1342 ad
793 1315 930 1343 unum
985 1294 1173 1342 maxime
1219 1293 1388 1350 Solem,
1441 1291 1494 1346 ὃς
1538 1288 1665 1337 πάντ’

185 1376 334 1436 ἐφορᾷ
366 1377 441 1421 καὶ
473 1373 600 1421 πάντ’
634 1374 866 1430 ἐπακούει,
910 1373 1301 1440 locupletissimum
1337 1371 1666 1420 Corinthiarum

185 1454 394 1503 virtutum
438 1466 591 1503 testem
632 1466 862 1521 provocat:
908 1473 1040 1520 quem
1083 1453 1231 1502 Solem
1277 1452 1399 1518 quod
1434 1449 1667 1500 circumlo-

184 1533 360 1582 cutione
393 1553 501 1583 usus
535 1532 726 1601 appellat
758 1533 928 1580 κύκλον
953 1537 1127 1594 χρυσοῦ
1159 1532 1389 1592 τιμήεντος
1420 1534 1471 1578 ἐν
1504 1531 1667 1590 αἰθέρι,

185 1611 371 1662 callidus
416 1625 545 1680 poeta
588 1612 796 1662 amolitur
829 1631 955 1661 voces
990 1631 1167 1669 eorum,
1217 1612 1292 1678 qui
1335 1612 1482 1678 ipsum
1514 1612 1666 1672 χρυσῷ

151 1752 156 1757 .
183 1690 388 1752 aprima,
422 1711 512 1759 quo
546 1692 739 1759 epitheto
772 1692 881 1742 solet
921 1711 1079 1741 aurum
1105 1710 1263 1740 ornare
1292 1692 1527 1747 Homerus,
1561 1707 1667 1737 con-

186 1771 370 1821 ductum
421 1785 652 1839 creparent
704 1771 946 1822 illustrasse
989 1771 1318 1820 Corinthiorum
1366 1770 1496 1818 sortia
1539 1769 1666 1842 facta.

185 1850 429 1916 Distinguit
463 1863 607 1899 autem
644 1863 773 1917 poeta
807 1863 850 1899 et
883 1856 1161 1910 περικτίονας
1193 1850 1547 1907 Corinthiorum,
1591 1848 1666 1914 qui

183 1929 375 1996 priscam
427 1929 656 1998 Ephyram
717 1949 962 1996 agrumque
1011 1930 1340 1979 Corinthiacum
1395 1927 1669 1983 habitabant,

186 2026 279 2075 quo
320 2009 502 2058 nomine
554 2009 661 2057 alias
719 2010 860 2077 ipsam
908 2011 1168 2059 Corinthum
1219 2008 1410 2077 appellat
1454 2009 1525 2056 Fr.
1575 2007 1668 2055 Inc-

187 2087 444 2146 Lxxxvl„
476 2101 518 2137 et
553 2089 666 2137 cives
702 2089 957 2139 Corinthios
987 2090 1122 2157 ipsos,
1157 2090 1235 2157 qui
1268 2107 1413 2138 arcem
1450 2086 1669 2142 tenebant,

188 2166 343 2215 vetusti
379 2165 495 2216 illius
529 2167 688 2218 Glauci
724 2169 895 2226 sedem,
930 2170 1161 2235 ipsamque
1194 2169 1373 2219 urbem:
1409 2167 1571 2234 quibus
1606 2164 1668 2213 illi

187 2243 390 2301 ὁπλιταῖς
405 2249 529 2299 ψιλοὶ
551 2247 805 2298 circumfusi
835 2250 968 2298 fuisse
989 2249 1206 2305 videntur,
1239 2268 1276 2296 v.
1300 2248 1464 2297 Herod.
1490 2249 1570 2303 IX,
1589 2247 1667 2295 29.

324 2326 463 2373 Versu
507 2327 543 2374 l.
595 2327 640 2375 in
685 2330 862 2378 vetustis
891 2328 1021 2377 *libris
1052 2340 1091 2377 et
1126 2327 1248 2395 apud
1283 2330 1430 2379 Ursin.
1464 2330 1670 2387 γέφυραν

190 2403 291 2452 fuit:
327 2403 458 2468 vulgo
491 2403 706 2464 Ἐφύραν.
807 2414 848 2455 2.
885 2413 1033 2468 &oves
1070 2409 1213 2458 Ursin.
1326 2410 1369 2458 4.
1407 2407 1591 2456 Codices
1626 2411 1672 2453 οἳ

186 2481 422 2530 κάλλιστον
466 2481 639 2543 μάρτυν
682 2489 837 2534 ἔθεντο
887 2489 1066 2535 πόνωνε
1115 2489 1302 2541 Ursinus
1346 2494 1392 2534 οἳ
1421 2491 1493 2534 καὶ
1527 2487 1668 2534 κάλλι-

189 2574 320 2616 στον,
364 2562 602 2612 Turnebus
637 2576 677 2612 et
715 2564 835 2614 Vulc.
873 2572 919 2612 οἳ
949 2572 1039 2614 τῶν
1072 2588 1134 2623 κ.,
1178 2567 1380 2616 lacunam
1419 2569 1668 2633 importune

187 2639 410 2707 expleturi.
481 2642 560 2691 Vel
605 2648 650 2689 ot
688 2643 798 2693 illud
842 2646 899 2694 ab
937 2639 1127 2696 librariis
1160 2661 1332 2714 praeter
1374 2646 1504 2695 {idem
1542 2665 1664 2714 mpe-

185 2719 311 2769 titum
349 2734 476 2788 puta.
512 2722 649 2770 oculis
685 2723 727 2771 in
766 2744 1022 2791 praegresso
1058 2725 1308 2776 hexametro
1345 2726 1506 2774 defixis.
1576 2727 1666 2771 Nos
