1826 3080
865 150 918 187 X!

148 274 485 342 Ηαιιῂωᾼ,
507 274 597 323 42.
633 273 864 331 Cantaba,
908 272 1162 322 Theodosio
1203 271 1466 339 Imperatori
1499 271 1627 323 blan-

149 353 299 408 Βιιι,
352 355 507 422 Nque
537 372 641 402 vero
673 366 828 420 poetae
860 353 945 420 ipsi
980 351 1180 402 Creontis
1211 351 1285 401 ille
1317 351 1433 402 filius
1458 352 1626 421 Scopas

150 434 240 485 iim
230 434 439 502 proh-i
445 432 628 501 ponit,
678 444 731 481 ut
773 451 865 481 nou
905 431 1059 481 laudes
1098 431 1185 499 ipsi
1211 430 1470 481 tribuendas
1504 430 1626 481 haud

150 512 332 580 nisan
352 514 722 580 ωροηιιιειιιο
719 511 980 562 miscendas
1020 523 1205 578 putaret.
1264 535 1269 543 ν

237 592 422 662 ,2143de
452 592 689 643 Thessalos
724 604 863 641 artem
895 591 1162 649 memoriae,
1177 590 1259 640 de
1304 609 1393 658 qua
1426 591 1630 658 exposui-

150 662 298 724 mnf*
281 691 333 722 ιιι
363 673 538 740 Epigrs
552 672 725 731 CCIV„
768 671 982 721 invenisse
1016 671 1156 719 fertur
1188 669 1401 735 singulari
1434 670 1629 738 quodam

152 770 264 807 nna
284 752 556 802 admonitus.
601 751 756 800 Refert
778 751 931 799 Cicero
954 762 1128 799 secutus
1159 743 1476 799 Callimachum
1505 749 1628 798 Orat.

151 832 222 891 m·
242 832 327 891 86,
360 832 472 881 351.
530 830 731 880 »Dicunt
763 849 901 897 quum
935 841 1138 879 coenaret
1173 830 1377 879 Cranone
1409 830 1457 878 in
1489 829 1630 878 Thes-

151 910 262 970 nh
295 910 547 961 Simonides
593 910 715 978 apud
748 910 963 977 Scopam,
1013 909 1285 958 fortunatum
1319 909 1545 958 hominem
1591 920 1633 957 et

151 989 372 1050 nubilum,
404 990 715 1057 cecinissetque
744 989 795 1039 id
824 1008 1002 1039 carmen
1048 989 1171 1056 quod
1214 990 1261 1038 in
1295 1008 1396 1038 eum
1430 988 1633 1055 scripsis-

152 1073 242 1129 set,
259 1094 277 1114 a
294 1070 352 1119 in·
388 1089 479 1137 quo
519 1068 659 1118 multa
706 1068 898 1118 ornandi
939 1087 1095 1118 caussa
1136 1080 1368 1136 poetarum
1414 1086 1539 1117 more
1585 1068 1633 1116 in

154 1147 384 1199 Castorem
423 1149 586 1216 scripta
630 1161 671 1198 et
704 1148 930 1198 Pollucem
963 1148 1169 1207 fuissent,
1212 1149 1345 1197 nimis
1378 1148 1501 1197 illum
1536 1166 1633 1196 sor-

153 1226 262 1279 «Bia
294 1227 469 1287 dixisse,
501 1247 549 1278 se
583 1228 818 1278 dimidium
854 1229 948 1295 ejus
982 1229 1021 1278 ei
1055 1228 1178 1296 quod
1210 1241 1365 1296 pactus
1392 1239 1516 1287 esset,
1550 1246 1634 1295 pro

153 1305 461 1357 illu³oarmine
493 1307 723 1366 daturum,
754 1308 974 1375 reliquum
1009 1327 1035 1356 a
1069 1308 1161 1357 suis
1193 1307 1487 1377 Tyndaridis,
1523 1325 1636 1373 quos

156 1403 295 1453 aeque
336 1386 580 1444 laudasset,
620 1399 808 1453 peteret,
855 1388 893 1435 si
936 1388 976 1436 ei
1019 1386 1251 1435 videretur.
1337 1386 1493 1435 Paullo
1535 1397 1638 1452 post

157 1483 274 1516 eene
283 1465 434 1530 fufium
463 1465 714 1515 nuntiatum
735 1466 969 1524 Simonidi,
991 1478 1044 1515 ut
1066 1466 1290 1533 prodiret:
1324 1465 1503 1530 juvenes
1522 1477 1637 1514 stare

155 1542 243 1594 ιιι
254 1544 443 1611 januam
490 1544 605 1594 duos
647 1545 888 1612 quoedam,
933 1547 1012 1612 qui
1044 1565 1145 1595 eum
1179 1564 1450 1613 magnopere
1483 1563 1638 1594 evoca-

154 1634 294 1674 tent·
309 1624 549 1674 surrexisse
580 1623 732 1683 illum,
773 1625 999 1693 prodisse,
1041 1625 1202 1675 vidisse
1235 1625 1469 1674 neminem.
1539 1625 1638 1672 Hoc

155 1703 334 1753 interim
386 1703 530 1771 spatio
578 1703 782 1753 conclave
834 1704 967 1764 illud,
1022 1704 1102 1753 nbi
1152 1704 1404 1772 epularetur
1455 1703 1639 1771 Scopas,

157 1782 425 1833 concidisse:
458 1802 510 1832 ea
528 1783 657 1832 ruina
673 1783 818 1851 ipsum
847 1803 1109 1852 oppressum
1131 1804 1231 1834 cum
1262 1785 1353 1834 suis
1380 1783 1638 1832 interiisse.‹

157 1863 276 1913 Hinc
306 1881 387 1914 sua
421 1862 570 1912 hausit
600 1862 803 1914 Valerius
834 1865 1058 1914 Maximus
1091 1866 1126 1924 I,
1159 1867 1206 1916 8.
1260 1865 1415 1932 Neque
1447 1864 1637 1913 multum

158 1941 379 2011 d'uoeepat
410 1941 738 2007 Quinctilianus
780 1942 923 1992 Instit.
958 1943 1083 1992 Orat„
1128 1945 1216 2003 xl,
1261 1949 1317 2003 2,
1364 1945 1439 1993 11.
1516 1969 1538 1989 »ι
1550 1944 1636 1993 Ar-

157 2033 248 2072 te-
281 2023 519 2072 memoriae
551 2022 724 2089 primus
756 2022 999 2072 ostendisse
1040 2023 1203 2072 dicitur
1236 2023 1513 2073 Simonides:
1561 2043 1640 2073 cu-

158 2100 232 2167 jun‘
275 2101 453 2168 vulgata
501 2101 654 2151 fabula
702 2114 790 2161 est,
836 2121 975 2168 quum
1009 2102 1149 2169 pugili
1194 2115 1404 2152 coronato
1446 2121 1638 2161 carmen,

158 2180 289 2248 quale
322 2182 528 2250 oompoui
561 2182 801 2232 victoribus
834 2182 957 2240 solet,
990 2182 1195 2232 mercede
1228 2195 1355 2251 pacta
1381 2184 1639 2250 scripsisset,

160 2260 423 2327 abnegatam
469 2261 509 2310 ei
558 2262 771 2328 pecuniae
811 2275 1005 2330 partem,
1057 2262 1180 2330 quod
1222 2282 1345 2312 more
1378 2263 1517 2330 poetis
1552 2262 1638 2310 sre-

160 2339 447 2407 quentissimo
479 2338 703 2406 digressus
737 2341 784 2390 in
817 2341 971 2391 laudes
1006 2342 1200 2392 Castoris
1234 2356 1276 2393 et
1299 2342 1490 2391 Pollucis
1525 2342 1639 2390 exie-

159 2432 241 2469 rat.
319 2419 605 2487 Quapropter
649 2433 817 2491 partem
870 2422 926 2471 ab
976 2422 1028 2470 iis
1072 2434 1244 2490 petere,
1290 2441 1478 2489 quorum
1527 2422 1640 2469 sacta

161 2498 440 2556 celebrasset,
475 2499 724 2565 jubebatur.
792 2502 846 2550 Et
880 2500 1199 2569 persolverunt,
1235 2514 1282 2550 ut
1317 2501 1525 2550 traditum
1561 2511 1636 2548 est.

162 2579 275 2628 Nam
312 2598 448 2646 quum
486 2591 597 2629 esset
630 2580 800 2643 grande
834 2582 1078 2630 convivium
1115 2583 1160 2630 in
1196 2582 1407 2630 honorem
1441 2579 1636 2645 ejusdem

162 2658 366 2712 n'ctoriae
399 2671 530 2726 atque
563 2659 790 2710 adhibitus
822 2661 862 2710 ei
899 2679 1060 2710 coenae
1091 2661 1357 2717 Simonides,
1392 2660 1548 2708 nuntio
1575 2670 1640 2708 est

163 2739 351 2796 adnm,
390 2739 512 2805 quod
549 2758 650 2789 eum
669 2740 776 2790 duo
810 2741 987 2806 juvenes
1021 2741 1145 2806 equis
1187 2741 1353 2790 advecti
1390 2739 1640 2789 desiderare
