1826 3080
910 127 1008 174 160

218 262 541 329 transcripsisse
584 261 831 311 Boeckhius
876 260 1009 309 efficit
1057 279 1109 309 ex
1149 260 1328 327 antiqua
1371 260 1540 310 ratione
1583 261 1690 311 scri-

219 342 376 401 bendi,
420 341 551 390 veluti
585 342 630 390 in
666 340 810 406 lapide
846 340 1006 404 legitur
1037 341 1262 400 ἕνπροσθε
1294 346 1596 398 Σαλαμῖνος,
1644 343 1692 387 δὲ

208 419 354 482 ἄμμιῳ
410 421 555 469 Immo
586 419 746 484 siglum
783 418 1093 486 adspirationis
1134 418 1167 466 Ι·
1205 419 1417 485 scriptum
1463 418 1598 469 fiiisse
1630 420 1689 467 vi--

221 501 372 557 detur,
412 500 459 548 in
494 499 617 547 initio
654 511 767 547 certe
801 517 1030 557 versuum,
1072 510 1121 547 ut
1154 498 1201 546 in
1233 496 1398 546 tabulis
1432 496 1693 549 Heracleen-

221 580 354 628 sibus.
442 579 557 627 Nam
611 597 739 627 versu
785 579 826 626 1.
879 579 1132 627 KAAAAI
1173 596 1256 644 pro
1304 569 1599 634 t-EAAAAI,
1649 580 1692 627 5.

222 666 514 707 HEMENOI
535 676 617 724 pro
646 658 973 715 t-IEMENOI,
1011 661 1052 707 7.
1078 654 1324 714 ΕΑΓΝΑΕ
1339 674 1423 723 pm
1444 656 1700 705 t-AINAC

222 749 486 805 comparent.
565 736 898 803 Orthographia
951 736 1164 785 barbara:
1213 736 1274 784 ita
1315 735 1462 792 ἄέξιν,
1515 742 1695 791 καλεῖτε,

221 816 292 877 ὅρι
326 815 583 872 Μοικοίλας,
618 820 799 879 παιδίῳ,
834 817 946 872 ἰένε,
982 818 1181 863 Νεισέων
1215 814 1385 880 legitur.
1430 836 1452 861 ·,

355 896 599 961 Inscriptus
634 895 786 943 titulus
820 907 921 961 post
959 913 1156 961 pugnam
1191 893 1493 942 Plataeensem
1525 892 1697 943 tumulo

220 975 570 1041 Megarensium,
606 974 681 1040 qui
715 973 762 1021 in
796 973 913 1022 bello
948 974 1124 1022 Persico
1158 993 1240 1040 pro
1276 973 1418 1040 patria
1449 984 1698 1040 pugnantes

222 1055 434 1103 obierant.
501 1053 702 1101 Positum
737 1065 1072 1101 monumentum
1109 1072 1134 1100 a
1171 1052 1361 1111 civibus,
1403 1064 1537 1100 utex
1571 1069 1698 1101 versu

223 1134 394 1183 decimo
429 1144 624 1199 apparet,
657 1151 796 1199 prope
830 1132 1090 1181 umbilicum
1125 1133 1333 1190 civitatis,
1367 1131 1413 1179 h.
1446 1149 1481 1179 e.
1517 1130 1699 1187 curiam,

221 1215 266 1261 in
310 1214 408 1279 ipso
450 1213 547 1260 foro
591 1213 931 1276 Megarensium
1013 1213 1081 1260 De
1123 1211 1277 1259 eodem
1313 1221 1600 1258 monumento
1634 1208 1699 1257 lo-

225 1293 374 1359 quitur
405 1291 649 1340 Pausanias
695 1291 743 1348 I,
785 1291 871 1349 43,
915 1296 958 1339 2.
1028 1293 1131 1337 Εἰσὶ
1166 1291 1213 1336 δὲ
1246 1288 1383 1348 τάφοι
1417 1291 1700 1349 Μεγαρεῦσιν

226 1376 280 1419 ἐν
313 1374 372 1433 τῇ
409 1370 587 1417 πόλει·
637 1372 708 1416 καὶ
754 1368 835 1416 τόν
876 1371 957 1429 μὲν
1000 1376 1094 1423 τοῖς
1135 1367 1451 1416 ἀποθανοῦσιν
1484 1370 1701 1427 ἐποίησαν

225 1448 334 1498 navo?
365 1447 447 1509 τήν
480 1451 782 1510 ἐπιστρατείαν
815 1452 896 1495 τοῦ
931 1447 1122 1507 Μήδου·
1170 1445 1222 1494 vo*
1264 1449 1312 1494 δὲ
1346 1446 1596 1507 Αἰσύμνιον
1629 1466 1701 1495 κα-

224 1529 447 1589 λούμενον
487 1531 635 1588 μνῆμα
675 1523 734 1587 ἦν
775 1530 849 1575 καὶ
888 1530 1022 1574 τοῦτο
1056 1525 1234 1587 ἡρώων.
1304 1525 1379 1574 Ad
1413 1526 1701 1593 Epigramma

226 1608 468 1658 Simonidis
514 1608 727 1673 respicere
774 1607 948 1655 videtur
997 1605 1142 1654 Schol.
1187 1602 1372 1653 Theocr.
1425 1604 1556 1674 Idyll.
1603 1606 1703 1662 XII,

227 1692 304 1737 27.
363 1690 451 1735 Καὶ
483 1691 805 1746 Σιμωνίδης
837 1689 1010 1733 ἐπαινεῖ
1037 1682 1144 1739 τούς
1176 1692 1407 1744 ΛῙεγαρεῐς.
1467 1685 1701 1749 Megaren-

228 1787 295 1817 ses
338 1767 398 1816 ad
442 1766 727 1815 Artemisium
785 1776 826 1813 et
882 1764 1149 1813 Salaminem
1201 1763 1353 1827 viginti
1400 1777 1703 1831 pugnaverant

227 1847 414 1897 navibus
447 1857 554 1895 teste
590 1844 754 1893 Herod.
789 1845 919 1902 VIII,
959 1845 998 1892 1.
1033 1843 1133 1900 45„
1168 1861 1280 1907 quae
1314 1854 1465 1908 postea
1497 1842 1703 1911 Mycalen

229 1927 451 1995 profectae
485 1925 670 1982 fuerint;
703 1924 904 1972 Plataeas
939 1923 1022 1971 tria
1057 1920 1194 1969 millia
1223 1921 1454 1971 hominum
1481 1922 1705 1978 miseram,

230 2020 278 2057 nt
312 2026 412 2056 cum
447 2005 675 2054 Herodoto
709 2003 852 2061 VIII,
885 2004 965 2052 28.
1012 2000 1225 2050 consentit
1267 2000 1487 2050 Plutarch.
1522 1999 1704 2052 Aristid.

230 2089 347 2136 XIV
383 2098 425 2135 et
459 2085 614 2133 Oracc.
649 2083 815 2132 Defect.
851 2083 949 2140 VII,
984 2101 1027 2148 p.
1054 2082 1164 2129 629.
1198 2079 1318 2139 Rsk.‚
1352 2080 1431 2129 sed
1465 2080 1565 2130 vide
1593 2097 1705 2146 quae

232 2166 289 2214 ad
323 2186 361 2212 v.
399 2167 441 2213 7.
477 2163 785 2212 monebuntur.

365 2247 506 2292 Versu
547 2245 588 2291 1.
644 2240 822 2290 ‘EM-oc&
862 2244 936 2288 καὶ
975 2243 1258 2300 Μεγαρεῦσιν
1305 2238 1524 2306 copulavit
1566 2250 1614 2288 ut
1647 2239 1706 2288 in

232 2325 384 2391 Epigr.
422 2322 628 2378 CXCIV,
667 2322 705 2369 1.
817 2325 862 2368 2.
897 2323 1383 2370 ΕΔΕΞΑΜΕΘΑΜΕ
1415 2317 1538 2384 lapis.
1587 2359 1590 2362 ⁴
1646 2350 1655 2363 .

369 2405 412 2451 3.
465 2401 601 2467 Lapis
650 2402 1222 2455 EYPOIAszIHAXSZ,
1284 2397 1404 2447 unde
1460 2394 1706 2446 Boeckhim

233 2481 383 2557 paullo
430 2480 687 2537 audaciore,
731 2491 779 2528 ut
826 2479 918 2546 ipse
962 2478 1046 2535 ait,
1094 2477 1365 2542 conjectura,
1410 2473 1488 2524 υπ’
1520 2472 1708 2534 ιΕνβαίᾳ

235 2558 508 2622 ναυσικλύτῳ
544 2557 694 2615 edidit,
729 2577 817 2623 quo
852 2557 1041 2625 epitheto
1067 2557 1249 2605 Euboea
1283 2567 1467 2605 ornatur
1498 2554 1550 2604 in
1574 2553 1705 2601 Hom.

237 2641 400 2706 Hymn.
444 2638 490 2686 in
527 2636 674 2704 Apoll
711 2637 839 2704 Pyth.
875 2638 952 2686 31.
988 2638 1099 2685 219.
1157 2637 1335 2685 Poterat
1376 2633 1530 2684 eodem
1575 2650 1707 2681 sensu

237 2720 556 2781 ὸολιχηρέτμφ,
612 2728 659 2765 ut
703 2716 874 2781 Aegina
928 2727 1108 2764 vocatur
1157 2714 1284 2764 Pind.
1344 2712 1414 2762 Ol.
1459 2710 1586 2767 vul,
1628 2712 1706 2759 20.
