1826 3080
864 68 1016 105 XXXVI

337 189 629 256 Philosophos
672 190 805 254 igitur
858 189 954 239 illos
997 202 1182 248 veteres,
1235 210 1439 257 quorum·
1477 196 1676 245 concisae

203 269 439 317 sententiae
481 281 585 317 tunc
633 270 871 317 etiamnum
923 270 968 316 in
1017 288 1091 317 ore
1133 270 1330 319 omnium
1377 273 1676 334 versabantur,

204 346 470 396 aemulatum
504 366 596 396 esse
631 348 766 396 Ceum
802 360 1000 414 poetam,
1037 348 1143 397 dum
1177 350 1271 415 ejus
1307 350 1422 399 dicta
1452 351 1676 418 stagnen-

204 439 334 493 taque
379 426 622 474 carminum
669 438 945 492 reputamus,
989 441 1135 494 aperte
1178 429 1379 478 videmur
1423 430 1674 498 intelligere.

204 506 352 570 Quid,
399 506 519 572 quod
561 506 654 571 ipse
699 524 798 553 cum
845 506 1027 556 Chilone
1062 509 1238 576 Septem
1282 509 1457 558 illorum
1492 529 1677 560 numero

203 586 409 634 inseritur
441 585 561 651 apud
598 583 746 652 Cyrill.
782 585 878 634 adv.
916 585 1070 635 Iulian.
1109 589 1153 645 I,
1187 607 1228 654 p.
1270 589 1344 638 13.
1394 593 1677 652 Πεντηκοοτῇ

203 667 302 725 ἕκτῃ
335 663 595 723 Ὀλυμπιάδι
627 664 840 724 γνώριμοι
871 660 986 724 ἦσαν
1019 665 1102 726 ἤδη
1139 672 1393 727 Σιμωνίδης
1425 671 1497 715 καὶ
1529 673 1679 716 Χίλων

203 747 291 790 τῶν
335 741 444 790 ἑπτοὶ
486 747 644 802 σοφῶν
697 741 839 798 fimes:
887 744 1122 795 liberalius.
1199 748 1400 812 Namque
1443 748 1678 812 Menagius

204 822 261 870 ad
295 822 424 887 Diog.
460 823 601 870 Laert.
637 823 679 879 I,
715 824 790 871 68.
832 823 1121 889 probabiliter
1165 826 1471 891 Epimenidem
1515 826 1679 876 sulisti-

202 902 334 950 tuisse
368 901 552 960 videtur,
588 920 718 967 quem
741 902 974 971 Pamphila
1009 904 1128 970 apud
1146 905 1389 970 Diogenem
1415 905 1474 953 ad
1495 905 1677 974 Olymp.

202 982 317 1030 LVI.
361 981 535 1029 rettulit.
617 981 708 1029 Sed
753 982 799 1029 in
844 983 1093 1032 societatem
1137 983 1337 1042 illorum,
1381 985 1458 1050 qui
1499 985 1678 1052 Septem

202 1060 501 1127 appellantur,
537 1061 810 1110 Simonidem
845 1082 1002 1128 passus
1037 1076 1100 1112 est
1134 1065 1279 1112 venire
1314 1063 1441 1112 Plato
1475 1065 1602 1131 Reip.
1640 1064 1678 1122 Ι,

202 1159 245 1206 p.
279 1142 400 1198 335,
435 1140 485 1187 E.
564 1137 850 1200 Μαχούμεθα
884 1140 994 1203 ἄρα,
1037 1138 1096 1203 ἦν
1130 1142 1166 1190 δ’
1202 1143 1309 1203 ἐγώ,
1353 1146 1479 1204 κοινῇ
1515 1143 1601 1203 ἐγώ
1632 1161 1679 1190 τε

203 1222 277 1266 καὶ
310 1218 389 1276 σύ,
437 1219 517 1266 ἐοέν
549 1239 614 1275 τις
646 1219 759 1267 αὐτό
795 1225 858 1282 φῇ
894 1220 922 1281 ἢ
968 1226 1301 1281 Σιμωνίδην
1340 1219 1368 1281 ἢ
1403 1227 1616 1270 Βίαντα
1647 1220 1676 1282 ἢ

202 1295 488 1346 Πιττακὸν
535 1301 829 1359 εἰρηκέναι
879 1298 908 1359 ἥ
953 1299 1060 1347 τιν’
1106 1297 1285 1347 ἄλλον
1328 1304 1439 1348 τῶν
1483 1305 1680 1362 σοφῶν

200 1397 255 1425 τε
286 1381 380 1424 καὶ
413 1382 710 1439 μακαρίων
758 1377 999 1440 ἀνδρῶν.
1069 1379 1180 1428 Illuc
1223 1380 1538 1445 regrediamur.
1604 1379 1682 1428 Uti

200 1458 324 1516 illud,
360 1476 448 1523 quo
470 1458 718 1506 Pausaniae
751 1459 929 1525 spiritus
952 1458 1223 1517 cohibuisse,
1258 1477 1407 1525 eaque,
1436 1467 1547 1526 quae
1573 1478 1681 1525 pru-

202 1537 455 1586 dentissime
489 1536 745 1584 hominibus
779 1537 1058 1603 respondisse
1091 1538 1242 1594 fertur,
1278 1558 1303 1586 a
1337 1539 1466 1587 nobis
1501 1538 1683 1586 diversis

203 1616 308 1663 locis
352 1628 632 1681 exprompta;
691 1616 853 1681 quibus
903 1617 1124 1665 sententiis
1179 1629 1387 1683 tanquam
1441 1616 1683 1665 luminibus

203 1695 471 1762 quibusdam
515 1694 711 1743 distinxit
756 1696 976 1754 carmina,
1026 1696 1161 1760 digna
1206 1695 1278 1744 illa
1326 1695 1504 1762 quidem
1541 1708 1581 1744 et
1613 1696 1682 1743 in-

203 1773 303 1822 dole
337 1786 381 1822 et
412 1774 664 1841 ponderosa
707 1775 916 1838 gravitate
958 1775 1214 1837 elocutionis
1256 1775 1441 1840 egregiis
1473 1775 1567 1823 istis
1602 1774 1683 1823 ho-

204 1853 409 1902 minibus.
501 1855 567 1901 Ita
619 1853 795 1902 illorum
851 1854 1050 1921 exemplo
1104 1867 1145 1903 et
1189 1854 1370 1921 griphos
1414 1853 1684 1920 conscripsit,

204 1952 292 1999 quo
328 1932 640 1981 sententiarum
678 1933 889 1982 velamine
925 1947 966 1982 et
1000 1933 1062 1982 illi
1086 1946 1249 1982 veteres
1277 1933 1492 1999 sapientes
1522 1944 1565 1980 et
1590 1933 1684 1980 Do-

203 2014 367 2067 rienses
403 2012 592 2060 maxime
628 2012 982 2071 delectabantur,
1018 2025 1060 2061 et
1101 2013 1335 2061 sententias
1370 2030 1471 2060 suas
1505 2029 1685 2078 prover-

163 2104 167 2109 '
207 2092 309 2140 biali
353 2085 480 2158 quasi
523 2092 717 2157 quodam
763 2092 907 2141 colore
942 2091 1098 2149 inficit,
1142 2091 1274 2139 veluti
1318 2091 1389 2138 Fr.
1425 2091 1553 2157 Epin.
1587 2092 1684 2139 XV.

204 2173 295 2219 Inc.
339 2172 427 2219 CX.
466 2171 689 2229 CXXIV.‚
734 2191 823 2237 quo
867 2171 1095 2236 ingenioso
1143 2189 1301 2235 genere
1347 2182 1497 2219 acutae
1538 2169 1685 2218 elocu-

206 2250 337 2299 tionis
380 2249 543 2314 gaudet
585 2262 625 2298 ct
672 2250 893 2298 Pindarus
935 2262 978 2299 et
1019 2260 1067 2297 ut
1099 2250 1283 2315 quisque
1318 2249 1686 2315 prudentissimus

208 2342 271 2378 est
304 2341 444 2396 poeta.
529 2329 680 2394 anue
727 2331 902 2396 Septem
947 2329 1121 2377 illorum
1168 2328 1401 2378 aemulatio
1443 2329 1490 2377 in
1534 2345 1686 2377 caussa

209 2409 314 2467 fuit,
363 2427 441 2456 cur
474 2409 695 2456 interdum
731 2409 906 2457 illorum
953 2408 1229 2474 potissimum
1265 2409 1487 2457 sententiis
1521 2407 1687 2457 bellum

209 2488 438 2546 indiceret,
473 2500 522 2535 ut
555 2488 709 2535 Pittaci
747 2488 1024 2557 Mytilenaei,
1062 2486 1260 2534 Cleobuli
1294 2487 1463 2536 Lindii:
1497 2486 1583 2536 sibi
1617 2486 1687 2534 ni-

209 2568 368 2615 mirum
417 2566 527 2615 illud
574 2569 610 2615 si
655 2567 761 2633 quid
811 2580 874 2616 est
916 2566 1059 2616 laudis
1104 2579 1144 2614 et
1180 2566 1390 2631 gloriolae
1421 2564 1687 2633 apponebat,

211 2647 330 2711 quod
367 2646 622 2695 detraxisset
658 2645 751 2693 illis.
822 2647 1059 2696 Verissime
1095 2646 1347 2695 Platonicus
1380 2645 1452 2694 ille
1485 2645 1688 2695 Socrates
