1826 3080
899 104 1009 140 mv

217 228 354 277 tarch.
401 226 458 275 de
498 225 620 274 Glor.
661 225 818 274 Athen.
861 243 904 291 p.
948 225 1070 283 346,
1115 226 1178 274 F.
1228 223 1280 274 ‘0
1314 230 1580 287 Σιρωιίδης
1607 226 1689 288 τήν

216 309 299 366 μὲν
342 308 599 365 ζωγραφίαν
638 309 816 363 ποίησιν
860 307 1119 352 σιωπῶσαν
1140 304 1601 368 noos-ayopetiaflmjv
1639 309 1687 355 δὲ

218 390 397 444 ποίησιν
432 387 687 443 ζωγραφίαν
721 386 971 429 λαλοῦσαν·
1008 383 1062 438 ἃς
1085 403 1170 444 γαρ
1195 388 1242 430 οἱ
1264 384 1493 445 ζωγραφοι
1511 386 1688 447 ansteus

218 485 280 519 ως
320 466 551 526 γινομένας
595 462 894 518 δεικνύουσιν,
939 481 1100 517 ταυτας
1143 467 1190 509 οἱ
1237 462 1363 522 λόγοι
1404 467 1688 529 γεγαμημένας

216 548 472 604 διηγοῦνται
512 545 584 589 καὶ
625 541 968 602 συγγράφωσιν.
1047 541 1180 590 Unde
1219 560 1310 590 non
1353 542 1536 591 mirum
1549 543 1687 594 videri

216 624 367 680 debet,
414 622 534 687 quod
579 621 616 669 ei
657 622 703 669 in
746 621 1112 690 Hyporchematis
1156 621 1324 687 primae
1366 621 1688 679 deserebantm‘.

215 703 262 750 in
299 702 459 767 quibus
493 700 676 759 μάλιστα
709 702 1051 761 κατωρθωκέναι
1083 702 1256 757 ἔδοξεν,
1298 699 1517 750 Plutarch.
1554 701 1687 770 Sym·

215 800 330 847 poss.
368 780 458 837 lX,
505 780 591 837 15,
631 783 676 827 2.
752 781 810 828 Et
856 799 968 846 quae
1010 798 1151 846 pauca
1191 791 1375 829 aetatem
1412 779 1687 830 tulenmbdx

215 860 300 908 hoc
347 878 504 924 genere
546 859 811 918 carminum,
861 859 973 908 illud
1011 858 1223 924 judicium
1270 879 1404 926 quam
1430 860 1507 909 ‘sit
1540 860 1688 927 -pen'te

215 940 351 988 latum
396 939 659 987 documento
705 951 828 987 sunt:
870 939 931 987 ita
974 941 1123 988 vivunt
1164 940 1312 988 omnia
1357 951 1400 988 et
1442 939 1502 989 oh
1537 939 1686 991 oculos

214 1020 515 1068 admoventur.
645 1075 648 1078 Α
938 1024 940 1026 ’
1492 1062 1494 1066 ,

348 1098 598 1146 Simonides
649 1110 793 1146 autem
843 1098 918 1163 qui
961 1097 1127 1146 nullam
1169 1097 1528 1164 praetermitteret
1557 1113 1686 1146 oeca-

212 1178 394 1236 sionem,
431 1197 517 1243 qua
552 1178 674 1226 suavi
709 1196 856 1225 rerum
890 1177 1325 1243 perstringendamm
1350 1175 1687 1243 amplificatione

213 1270 255 1306 et
290 1257 541 1305 dilatatione
577 1257 734 1305 animis
768 1257 999 1305 hominum
1044 1257 1384 1314 lenocinaretur,
1396 1285 1402 1307 χ
1421 1255 1637 1305 xffivensus·
1660 1273 1687 1303 a

212 1337 408 1384 Pindaro
443 1355 616 1385 summa
651 1355 798 1384 rerum
835 1348 876 1384 et
910 1355 1022 1402 quae
1047 1355 1230 1402 scopum
1256 1333 1687 1401 extemptpuferireut,

213 1416 406 1464 delibare
444 1427 594 1474 sueto,
639 1435 729 1463 non
772 1434 872 1463 raro
918 1434 944 1462 a
985 1416 1211 1481 proposito
1251 1415 1482 1479 digressus.
1510 1413 1690 1485 uid-dtur

211 1507 253 1543 et
308 1494 599 1559 vagabundus
654 1494 966 1559 luxuriansque
1019 1495 1281 1560 exspatiatus
1327 1494 1483 1543 latius:
1530 1492 1686 1543 -Schot

212 1574 341 1622 Pind.
374 1574 498 1621 Nem.
535 1575 618 1630 IV,
653 1575 729 1620 35.
781 1577 1036 1631 Σιμωνίδης
1070 1573 1335 1635 παρεκβάσει
1367 1576 1562 1632 χρῆσθαι
1593 1576 1688 1633 εἴωῂ

210 1661 303 1699 θεν.
383 1651 520 1715 Quod
564 1651 744 1716 quidem
790 1651 835 1698 in
879 1669 930 1699 eo
964 1664 1162 1718 paratam
1198 1651 1330 1700 habet
1364 1650 1685 1701 excusationem

212 1749 349 1797 eoque
391 1731 533 1795 magis
576 1743 915 1779 consentaneum
959 1743 1043 1789 est,
1098 1750 1186 1797 quo
1230 1731 1412 1797 propius
1451 1731 1686 1797 attingeret

211 1826 340 1877 poeta
375 1810 495 1858 illam
530 1822 729 1867 aetatem,
762 1828 875 1875 quae
907 1811 954 1858 in
987 1810 1149 1876 Epicae
1170 1809 1546 1876 poesis·studium
1579 1829 1685 1878 pro-

211 1892 309 1939 susa
345 1909 496 1938 omnes
531 1908 662 1938 venas
697 1889 913 1938 Heliconii
948 1889 1130 1955 liquoris
1166 1891 1346 1956 aperuit.
1409 1889 1549 1939 Un'de
1575 1907 1683 1956 »enm

213 1971 395 2018 dixerim
443 1970 664 2018 interdum
709 1988 832 2017 more
874 1969 1022 2035 Epicis
1065 1969 1204 2034 poetis
1248 1987 1457 2019 concesso
1504 1967 1686 2019 ulterius

211 2061 485 2115 persecutum
530 2067 598 2097 res
640 2049 725 2114 ipsi
767 2060 1027 2113 argumento
1069 2067 1159 2095 non
1192 2066 1374 2114 prorsus
1406 2064 1683 2105 necessum&

212 2129 481 2193 Quanquam
516 2128 564 2175 id
597 2147 716 2176 nunc
750 2129 928 2195 quidem
950 2126 1160 2193 suspicari
1182 2126 1416 2192 proclivius
1442 2122 1521 2186 est,
1548 2145 1683 2194 quam

213 2207 524 2255 demonstrare.
595 2208 786 2256 Castoris
821 2206 974 2255 laudes
1008 2218 1049 2254 et
1082 2205 1319 2254 Pollucis
1308 2225 1354 2254 m
1387 2205 1559 2273 Scopae
1590 2206 1684 2272 epi-

211 2286 325 2334 nicio
381 2286 572 2333 carmine
616 2288 724 2335 mire
769 2286 1031 2343 diffuderat,
1073 2306 1110 2333 v.
1154 2285 1212 2333 ad
1262 2286 1333 2333 Fr.
1376 2284 1504 2351 Epin.
1550 2283 1683 2343 ΧΠις

211 2365 334 2431 quod
372 2385 474 2413 vero
520 2365 675 2414 Pittaci
715 2366 972 2415 sententiam
1021 2384 1047 2413 a
1089 2384 1134 2414 se
1178 2364 1474 2432 improbatam
1503 2364 1554 2413 in
1587 2381 1683 2412 car-

210 2445 328 2493 mine
375 2444 515 2493 eidem
563 2444 731 2510 Scopae
774 2444 1036 2494 celebrando
1083 2444 1245 2510 scripto
1288 2443 1347 2492 ad
1386 2442 1582 2492 taedium
1614 2441 1683 2491 in-

212 2525 388 2589 fringit,
432 2525 615 2572 sortasse
650 2523 831 2573 laudum
873 2524 919 2573 i‘n
961 2524 1059 2590 ipso
1102 2523 1263 2571 victore
1305 2522 1456 2589 inopia
1496 2519 1682 2579 adactus

210 2603 320 2651 fecit.
391 2603 482 2652 Sed
515 2602 618 2652 illuc
652 2604 942 2652 revocaverim
983 2622 1095 2669 quae
1129 2602 1201 2650 Fr.
1237 2602 1364 2668 Epin.
1399 2598 1571 2651 XVIII.
1605 2599 1683 2649 de-

211 2682 396 2731 lineatur
430 2684 576 2748 imago
612 2683 753 2749 pacati
797 2684 931 2732 maris
967 2681 1342 2747 animantiumque
1375 2678 1543 2746 Orphei
1579 2697 1683 2729 can-
