1826 3080
898 140 992 187 176

212 278 261 321 ἐκ
302 278 379 333 τῆς
420 274 601 332 δεκάτης
642 278 720 332 τῆς
762 277 851 319 τῶν
897 276 1107 320 Βοιωτῶν
1155 271 1368 332 ὠφελείας
1418 270 1535 334 ἅρμα
1577 281 1677 334 χαλ,-

212 357 324 400 κοῦν
367 357 428 408 εἰς
470 351 550 411 τήν
585 352 831 412 ἀκρόπολιν
865 350 1085 399 ἀνέθεσαν
1130 351 1230 398 τόδε
1271 351 1322 398 τό
1357 354 1546 411 ἐλεγεῖον
1574 353 1679 414 γρά-

212 445 387 487 ψαντες·
442 429 646 478 ’Ἑθνεα
690 438 777 477 κτλ.
859 431 990 480 Adde
1034 432 1164 480 Paus.
1192 431 1246 489 I,
1291 431 1379 488 28,
1426 435 1466 479 2.
1514 442 1556 480 et
1594 431 1677 480 Hi-

210 530 314 560 mer.
362 511 484 559 Orat.
528 509 599 567 11,
646 511 718 558 12.
789 510 876 559 Ceo
923 522 1076 578 poetae
1120 509 1394 559 vindicamus
1426 510 1679 560 auctoritate

211 590 415 639 Aristidis
451 591 554 649 περὶ
586 591 868 650 παραφθέγμ.
907 589 1007 648 111,
1042 607 1083 655 p.
1122 589 1231 638 647.
1268 589 1453 638 Canter..

330 666 504 715 Ἐθνεα
538 673 752 716 Βοιωτῶν
784 673 857 717 καὶ
891 670 1144 718 Χαλκιδέων
1180 668 1450 728 δαμάσαντες

443 751 595 803 παῖδες
630 748 884 807 Ἀθηναίων

212 827 331 884 οἶμαι
372 828 485 885 λέγει
526 825 577 873 τό
622 819 868 888 ἐπίγραμμα
902 827 1210 891 (Simonidis),
1251 831 1324 874 καὶ
1366 823 1510 874 πολλοὶ
1543 826 1682 886 ἔτερα,

210 904 266 964 νή
302 905 403 963 Δί’,
448 903 558 953 ἀλλά
605 910 743 953 ταῦτα
783 904 954 954 Ἀττικοὶ
1001 910 1073 954 καὶ
1113 907 1371 967 θερμότερα.
1451 905 1505 953 In
1546 903 1680 953 Anth.

210 985 301 1034 Pal,
337 985 425 1043 VI,
460 986 572 1034 343.
607 986 866 1053 inscriptum
902 999 986 1035 est:
1008 984 1231 1046 ”Αδηλον.
1264 984 1524 1047 Ἡροδότου.

343 1067 486 1113 Versu
519 1069 563 1113 2.
600 1067 781 1126 ἕρμασιν
815 1064 1030 1113 Herodoti
1066 1065 1161 1114 cod.
1197 1065 1335 1113 Paris.
1369 1065 1422 1112 B.
1482 1064 1601 1112 Tum
1635 1063 1685 1110 ἐκ

212 1145 409 1202 πολέμου
445 1144 642 1208 ejusdem
678 1144 806 1193 codd.
842 1135 1174 1194 Schellersheni.
1211 1157 1253 1194 et
1285 1144 1423 1193 Paris.
1456 1143 1512 1200 B,
1546 1141 1684 1192 codex

211 1222 344 1270 Anth.
380 1221 496 1279 Pal.;
530 1225 580 1269 ἐν
614 1225 790 1285 πολέμῳ
824 1223 962 1272 Paris.
998 1225 1053 1271 D.
1087 1235 1130 1273 et
1162 1223 1350 1272 Diodori
1382 1223 1598 1270 Romana.

346 1304 388 1348 3.
427 1300 666 1360 ἀχνυθὲντι
709 1301 837 1349 codd.
875 1301 1203 1351 Schellershem.
1242 1314 1283 1350 et
1316 1301 1454 1349 Paris.
1488 1301 1567 1358 B.;
1613 1299 1687 1359 ἀχ-

212 1382 422 1426 νυνθέντι
467 1380 627 1428 Medic.
681 1379 835 1428 Askev.
890 1393 932 1429 et
978 1381 1273 1446 Anthologiae
1317 1378 1409 1428 Pal.
1491 1379 1558 1428 De
1602 1378 1686 1427 hoc

212 1461 355 1521 δέσμῳ
392 1458 622 1518 ἀχλυόεντι
657 1459 908 1508 Herodotus
944 1460 969 1508 l.
1007 1480 1059 1509 c.:
1122 1459 1210 1515 Τάς
1252 1461 1387 1514 πέδας
1418 1457 1590 1515 αὐτῶν,
1637 1461 1687 1505 ἐν

211 1541 310 1599 τῇσι
342 1541 564 1595 ἐδεδέατο,
600 1537 903 1599 ἀνεκρέμασαν
937 1542 983 1595 ἐς
1026 1539 1107 1598 τήν
1142 1538 1412 1599 ἀκρόπολιν·
1457 1541 1586 1599 αἴπερ
1627 1540 1688 1585 ἔτι

212 1620 285 1664 καὶ
326 1619 372 1672 ἐς
413 1620 486 1676 ἐμὲ
528 1613 646 1677 ἦσαν
677 1621 933 1677 περιεοῦσαι
977 1618 1242 1678 κρεμάμεναι
1275 1620 1323 1664 ἐκ
1357 1619 1536 1676 τειχέων
1570 1620 1687 1678 περι·

214 1698 560 1755 πεφλευσμένων
604 1699 713 1757 πυρὶ
746 1695 838 1744 ’ὑπό
880 1701 963 1744 τοῦ
999 1695 1185 1755 Μήδου,
1235 1695 1389 1743 ἀντίον
1423 1696 1471 1742 δὲ
1504 1698 1587 1742 τοῦ
1619 1713 1688 1755 με-

211 1774 354 1834 γάρου
400 1779 483 1821 τοῦ
528 1773 643 1836 πρός
684 1777 876 1836 ἑσπέρην
916 1777 1222 1836 τετραμμένου.
1294 1774 1468 1823 Ibidem
1511 1776 1688 1834 ἔσβεσεν

213 1853 304 1901 Pal.
340 1853 473 1902 Anth.
589 1854 634 1902 4.
678 1850 743 1900 ὧν
776 1854 1009 1903 Diodorus
1081 1854 1253 1903 Ibidem
1298 1853 1518 1901 ἀνέθεσαν
1550 1853 1688 1903 codex

213 1932 428 1982 Herodoti
462 1933 655 2000 optimus
680 1933 1028 1992 Sancrostianns,
1062 1954 1150 1999 quo
1182 1933 1345 1982 indicio
1371 1933 1535 1980 ἀνέθεν
1562 1933 1687 1982 resti-

215 2013 391 2070 luimus,
425 2031 511 2080 qua
539 2012 594 2061 de
626 2013 768 2061 forma
804 2034 839 2061 v.
873 2013 930 2061 ad
950 2013 1099 2079 Epigr.
1128 2013 1257 2070 CXC,
1278 2019 1320 2061 2.
1347 2012 1495 2078 Vulgo
1515 2015 1687 2061 ἔθεσαν.

845 2162 1067 2198 CLXXXIX.

351 2249 481 2296 Δηώ.
520 2249 705 2298 Planud.
742 2255 852 2299 232.
892 2251 1058 2299 Iacobs.
1118 2256 1464 2310 Σιμωνίδου·

286 2325 375 2372 Τὀν
424 2328 678 2385 τραγόπουν
736 2332 805 2388 ἐμὲ
859 2334 1008 2385 Πᾶνα,
1061 2330 1140 2376 τόν
1181 2330 1404 2390 Ἀρκάδα,
1458 2330 1538 2378 niv
1580 2329 1691 2378 κατᾶ

1219 2409 1408 2468 Μήδων,

380 2485 458 2533 τόν
493 2486 577 2545 μετ’
615 2486 879 2546 Ἀθηναίων
915 2488 1100 2547 στήσατο
1138 2490 1393 2548 Μιλτιάδης.

215 2566 368 2613 Statua
416 2566 547 2614 Panis
592 2585 615 2613 a
660 2567 859 2617 Miltiade
903 2567 1103 2616 dedicata
1149 2579 1247 2633 post
1282 2569 1505 2617 victoriam
1540 2566 1686 2616 Mara-

214 2645 407 2692 thoniam
456 2645 535 2694 Dei
581 2645 722 2698 illius,
781 2660 823 2694 ut
878 2646 1135 2714 putabatur,
1192 2646 1353 2694 auxilio
1403 2657 1688 2713 reportatam:

213 2723 351 2771 eidem
392 2724 566 2789 publice
603 2724 731 2773 aedes
770 2739 983 2775 exstructa
1019 2726 1103 2775 sub
1141 2746 1297 2783 arcem,
1334 2726 1386 2774 de
1417 2743 1504 2791 qua
1534 2745 1570 2771 v.
1603 2726 1688 2775 He-
