1826 3080
916 111 984 158 24

220 247 398 295 Homer.
432 244 596 314 Odyss.
622 246 698 302 IV,
735 247 858 303 607„
893 246 1012 295 unde
1048 247 1299 297 Simonides
1334 250 1524 310 colorem
1561 254 1698 312 duxit,

216 325 291 390 qui
326 323 538 373 laudabat
571 325 760 391 patriam
796 325 971 374 victoris
1006 326 1230 392 equestris.

417 473 512 509 XVI.
579 459 825 509 ἈΔΗΛΩι
856 459 1115 511 εΑΡΜΑΤΙ
1138 462 1199 511 Ἠ
1225 464 1488 514 ἈΠΗΝΗι.

344 562 564 611 Plutarch.
619 563 760 611 Ethic.
806 563 964 612 Virtut.
1014 583 1057 632 p.
1109 565 1232 625 445,
1282 566 1330 615 C.
1405 565 1458 617 Ὁ
1500 567 1693 618 Πλάτων

209 647 456 700 ἐξεικονίζει
499 645 599 703 περὶ
644 640 698 689 τοὶ
737 646 816 702 τῆς
861 647 1010 704 ψυχῆς
1053 643 1295 705 ὑποζύγια,
1350 650 1434 694 τοῦ
1485 653 1693 710 χείρονος

207 722 322 784 πρός
353 721 405 770 vo*
437 723 613 782 βέλτιον
647 725 1007 782 ζυγομαχοῦντος
1047 721 1137 784 ἅμα
1178 729 1252 772 καὶ
1293 724 1375 773 τὸν
1406 725 1571 787 ἡνίχον
1604 732 1691 776 διω-

205 802 511 863 ταροίττοντος,
547 799 747 861 ἀντέχειν
783 800 922 850 ὀπίσω
956 806 1031 850 καὶ
1061 810 1328 852 κατατείνειν
1360 804 1455 854 ’ὑπὸ
1486 811 1690 872 σπουδῆς

206 882 565 943 ἀναγκαζόμενον
597 880 688 945 οέεὶγ

337 961 428 1023 Μή
462 961 600 1023 βάλῃ
637 965 902 1021 φοίνικας
933 965 990 1009 ἐκ
1025 967 1227 1025 χειρῶν
1260 965 1516 1025 ἱμάντας,

202 1043 310 1092 κατα
344 1045 692 1102 Σιμωνίδην.

398 1163 942 1179 ------------

384 1271 497 1307 XVII.
568 1264 902 1306 ΛΕΩΦΡΟΝΙ
927 1257 1188 1307 ῬΗΓῙΝΩι
1221 1266 1474 1308 ΑΠΗΝΗι.

330 1359 586 1409 Aristoteles
624 1361 753 1409 Rhet.
792 1362 886 1420 ΙΙΙ,
919 1365 975 1419 2,
1010 1360 1090 1409 45.
1157 1359 1208 1409 ‘0
1242 1350 1576 1421 Σιμωνίδης
1609 1358 1681 1410 ὅτε

194 1445 275 1503 μὲν
320 1445 470 1489 ἐδίδου
512 1438 679 1500 μισθόν
724 1439 878 1500 ὀλίγον
922 1439 1041 1504 αὐτῷ
1079 1439 1103 1487 ὁ
1139 1440 1324 1501 νικήσας
1355 1447 1450 1496 τοῖς
1482 1428 1679 1501 ὀρεῦσιν,

195 1523 281 1570 οὐκ
325 1520 461 1582 ἤθελε
508 1527 652 1568 ποιεῖν
699 1519 759 1575 ὦς
804 1523 1107 1580 δυςχεραίνων
1153 1525 1215 1576 εἰς
1257 1518 1477 1580 ἡμιόνους
1523 1527 1677 1567 ποιεῑὺ.
1735 1508 1738 1510 ’

191 1604 313 1652 Ἐπεὶ
345 1602 383 1649 δ’
418 1599 576 1648 ἱκανόν
611 1603 801 1655 ἔδωκεν,
836 1601 1039 1656 ἐποίησε·

325 1678 544 1741 Χαίρετ’
581 1677 942 1726 ἀελλοπόδων
974 1678 1253 1739 θύγατρες
1285 1682 1483 1725 ἵππων.

190 1766 347 1810 Καίτοι
378 1763 453 1808 καὶ
485 1763 577 1807 τῶν
610 1756 733 1806 ὄνων
765 1759 1006 1819 θυγατέρες
1036 1752 1166 1817 ἦσαν.

186 1920 317 1968 Multi
346 1883 518 1968 codices
541 1882 781 1977 θυγατέρες
799 1881 961 1964 ἵππων.
1032 1916 1222 1964 Carmen
1258 1914 1472 1964 Anaxilae
1505 1915 1672 1981 Rhegi-

184 2019 345 2049 norum
380 2012 572 2068 tyranno
607 1997 819 2065 scriptum
855 1996 991 2045 tradit
1024 1994 1267 2062 discipulus
1300 1994 1549 2044 An‘stotelis
1581 1996 1672 2044 He-

183 2080 369 2129 raclides
403 2078 573 2127 Pontic.
615 2076 744 2125 Polit.
791 2078 869 2125 25.
946 2075 1182 2131 Ἀναξίλας
1223 2074 1407 2134 νικήσας
1449 2074 1672 2136 Ὀλύμπια

181 2158 387 2219 ἡμιόνοις
419 2161 604 2204 εἱστίασε
638 2153 746 2210 τούς
764 2152 1001 2214 ’Έλληνας
1052 2158 1143 2202 Καί
1166 2173 1231 2209 τις
1252 2151 1392 2200 αὐτόν
1414 2155 1671 2211 ἐπέσκωψεν

180 2238 340 2287 εἰπών·
391 2234 539 2291 Οὗτος
580 2240 624 2282 τί
656 2233 714 2282 ἂν
748 2237 888 2282 ἐποίει
922 2232 1107 2294 νικήσας
1140 2237 1305 2288 ἵπποις.
1356 2236 1588 2293 ἐποίησε
1621 2236 1670 2283 δὲ

180 2323 253 2367 καὶ
286 2322 569 2366 ἐπινίκιον
603 2318 948 2375 Σιμωνίδης·

415 2393 588 2456 Χαίρετ’
625 2393 914 2442 ἀελλοπόδων
946 2393 1166 2453 θύγατρες
1198 2397 1362 2441 ἵππων.

178 2479 380 2544 Denique
414 2494 506 2524 non
541 2474 764 2533 diversum
799 2473 884 2522 fuit
917 2491 1094 2522 carmen
1126 2472 1184 2521 ab
1221 2491 1286 2531 eo,
1322 2471 1445 2538 quod
1465 2471 1529 2520 ob
1560 2491 1664 2521 ocu-

178 2557 242 2605 los
277 2555 412 2604 habet
444 2554 603 2603 Athen.
632 2554 668 2612 Ι,
702 2573 744 2620 p.
773 2561 827 2612 3,
863 2554 912 2601 Ε.
958 2551 1128 2600 locutus
1164 2551 1220 2600 de
1254 2551 1308 2600 iis
1341 2551 1417 2618 qui
1451 2551 1662 2619 pecuniae

177 2637 357 2684 minime
407 2634 529 2702 parci
586 2633 813 2682 universos
859 2633 1052 2681 Graecos
1100 2630 1399 2686 coenaverint,
1446 2629 1493 2678 id
1541 2629 1663 2696 quod

177 2715 409 2763 Anaxilam
429 2715 581 2763 fecisse
609 2712 847 2781 Olympiae
870 2723 1052 2761 testatur
1071 2710 1349 2760 Heraclides:
1383 2707 1665 2769 Ἀλκιβιάδης
