1826 3080
839 136 926 172 xxl

145 257 313 309 strabat
353 268 530 325 poetae,
569 255 608 304 is
654 269 702 307 ut
744 259 980 308 maximam
1022 269 1192 326 partem
1232 258 1462 317 venderet,
1508 278 1619 325 quas

141 337 185 388 ei
213 336 368 388 sordes
404 333 639 403 exprobrat
685 336 979 388 Chamaeleon
1021 337 1143 405 apud
1192 336 1351 387 Athen.
1397 338 1523 395 XIV,
1573 357 1615 405 p.

146 417 270 475 656,
303 416 358 466 D.
411 412 587 469 Ὂνῐος
618 410 678 474 ἦν
713 413 774 470 ὥς
807 415 989 476 ἀληθῶς
1022 420 1167 477 κίμβιξ
1200 414 1225 463 ὁ
1258 421 1515 477 Σιμωνίδης
1547 420 1619 463 καὶ

144 491 477 556 ἀσχροπερδῆς,
513 491 576 548 ὥς
607 497 868 553 Χαμαιλέων
902 499 1060 555 φησίν·
1096 497 1147 542 ἐν
1165 495 1482 556 Συρακούσαις
1502 500 1616 555 γοῦν

142 577 225 624 τοῦ
263 571 467 634 Ἱέρωνος
507 571 858 629 ἆποστέλλοντος
901 573 1022 636 αὐτῷ
1064 571 1119 620 ταὶ
1159 573 1262 622 καθ’
1302 573 1473 635 ἡμέραν
1515 582 1617 635 λαμ·

143 656 282 715 8035,
314 655 480 707 ἔφλῶν
511 649 565 699 τοὶ
599 656 734 699 πλείω
770 650 796 700 ὅ
836 657 1091 712 Σιμωνίδης
1123 651 1282 713 μικρδν
1313 655 1448 715 μέρος
1480 653 1616 702 ἀνετί-

141 738 270 781 Οσὺο·
304 732 521 791 δρομένου
554 733 604 778 δέ
636 749 757 787 τινος
790 729 872 790 τήν
904 736 1048 781 αἰτίαν
1089 729 1286 790 »”Οπως,
1330 733 1475 791 εἶπεν,
1506 730 1535 793 ἦ
1571 752 1616 780 τε

139 809 344 872 ’ὕμνος
373 810 719 869 μεγαλοπρέπεια
751 805 1054 872 καταφανήςῇ
1082 814 1156 857 καὶ
1179 810 1209 870 ἡ
1229 809 1310 871 ἐμῆ
1336 811 1615 872 κοσμιότηςκ
1706 815 1709 818 ⁴
1799 815 1804 821 '

140 888 209 941 En
251 907 482 955 nunquam
524 888 831 939 haesitantem!
897 890 1034 939 Poeta
1075 901 1222 939 autem
1265 902 1313 939 ut
1347 890 1617 940 exhilarabat

140 967 379 1017 Hieronem
421 968 716 1026 carminibus,
767 986 820 1017 ex
874 967 1038 1034 quibus
1084 987 1309 1035 superesse
1353 969 1618 1034 conjecimus

141 1046 213 1096 st.
258 1046 343 1095 inc.
392 1047 591 1105 CXVII„
636 1059 677 1096 et
721 1047 856 1096 facete
890 1047 1017 1096 dictis
1052 1046 1316 1106 delectabat,
1351 1049 1412 1097 ita
1446 1049 1618 1098 erudie—

141 1124 219 1174 bat
250 1125 528 1175 sermom'bus
562 1126 664 1174 suis.
715 1125 883 1191 Quales
916 1145 1140 1175 sermones
1175 1127 1411 1194 antiquitas
1444 1127 1617 1192 jactavit

139 1221 229 1252 non
264 1221 451 1270 pancos;
484 1223 603 1262 nam,
636 1217 686 1254 ut
719 1218 783 1254 est
817 1205 937 1273 apud
971 1205 1198 1255 Platonem
1235 1205 1475 1273 Epist.11.‚
1508 1209 1619 1265 Περὶ

138 1284 343 1342 Ἱέρωνος
389 1280 497 1330 ὅταν
540 1285 821 1343 διαλέγωνται
866 1289 914 1331 οἶ
952 1281 1190 1344 ἅνθρωποι
1239 1288 1312 1331 καὶ
1353 1289 1617 1333 Παυσανίου

139 1365 222 1409 τοῦ
265 1365 640 1420 Λακεδαιμονίου,
689 1367 897 1421 χαίρουσι
947 1362 1030 1421 τήν
1075 1367 1334 1421 Σιμωνίδου
1375 1368 1618 1421 ξυνουσίαν

141 1441 475 1499 παραφέροντες
503 1437 533 1486 ἃ
554 1457 599 1486 τε
621 1442 780 1500 ἔπραξε
813 1444 886 1488 καὶ
919 1441 1013 1488 εἶπε
1047 1439 1162 1501 πρός
1195 1441 1372 1496 αὐτούς.
1418 1442 1616 1491 Omnino

140 1529 355 1587 Urinam
388 1537 440 1567 ex
474 1518 681 1567 omnibus
716 1517 802 1566 illis
836 1519 911 1583 qui
949 1522 1128 1574 ἔπαιζον
1162 1523 1299 1579 φίλαν
1321 1518 1480 1580 ἄνδρες
1502 1520 1619 1579 ἀμφὶ

137 1593 263 1655 θαμὰ
281 1596 515 1657 τράπεζαν,
550 1614 640 1644 uno
676 1595 904 1652 Simonide
939 1597 1127 1645 maxime
1161 1597 1334 1646 videtur
1361 1598 1618 1655 delectatus,

140 1673 317 1723 bomine
358 1673 405 1722 in
449 1675 571 1722 omni
615 1693 774 1739 genere
808 1674 1118 1741 disputationis
1151 1676 1382 1741 insigniter
1412 1676 1616 1726 volutato.

138 1752 347 1821 Superest
381 1751 583 1818 dialogus
607 1753 913 1819 Xenophontis
936 1754 1227 1812 Atheniensis,
1262 1773 1391 1821 quem
1428 1754 1500 1804 ille
1532 1755 1617 1803 fin-

138 1831 206 1898 git
243 1830 481 1880 Hieronem
525 1832 638 1880 inter
680 1844 722 1880 et
762 1832 1037 1881 Simonidem
1081 1834 1281 1882 habitum
1324 1833 1380 1882 de
1421 1834 1534 1882 vitiis
1576 1846 1615 1883 et

139 1909 373 1960 virtutibus
410 1909 683 1978 tyrannidis:
726 1911 802 1976 qui
846 1930 935 1959 non
979 1912 1165 1961 dubium
1207 1931 1300 1961 esse
1333 1924 1474 1979 potest
1509 1914 1615 1979 quin

138 1988 355 2039 rationem
404 1988 608 2038 habuerit
661 2008 838 2046 eorum,
897 2009 1008 2056 quae
1061 1990 1116 2038 de
1172 1991 1450 2040 sermonibus
1505 1993 1619 2041 inter

141 2077 377 2135 utrumqne
409 2068 619 2117 consertis
653 2067 881 2117 hominum
919 2087 994 2117 ore
1028 2069 1425 2118 circumferrentur.

274 2145 403 2211 Quae
436 2146 755 2214 disputationes
797 2147 959 2213 quibus
1010 2147 1056 2195 in
1109 2149 1378 2213 argumentis
1424 2160 1616 2198 versatae

139 2224 241 2283 sint,
275 2235 318 2273 et
349 2242 402 2273 ex
433 2225 755 2292 Xenophonteo
789 2225 936 2275 libello
970 2237 1012 2274 et
1046 2244 1096 2274 ex
1131 2226 1183 2275 iis
1219 2226 1364 2276 licebit
1389 2227 1616 2294 suspicari,

141 2321 255 2370 quae
287 2315 391 2352 sunt
425 2303 547 2371 apud
581 2304 834 2354 Ciceronem
870 2306 926 2353 de
959 2306 1125 2353 Natura
1161 2306 1290 2354 Deor.
1311 2308 1344 2363 l,
1369 2311 1446 2355 22.
1492 2308 1615 2355 „Ro-

140 2400 217 2450 ges
251 2401 336 2441 me,
369 2382 479 2449 qnid
515 2394 591 2432 aut
621 2382 751 2450 quale
786 2385 839 2433 sit
877 2384 1010 2440 deus;
1045 2397 1220 2433 auctore
1245 2397 1344 2434 utar
1369 2384 1616 2434 Simonide:

141 2461 199 2511 de
230 2480 320 2530 quo
355 2480 491 2528 quum
527 2462 805 2528 quaesivisset
843 2463 924 2512 hoc
959 2462 1074 2511 idem
1111 2474 1325 2532 tyrannus
1355 2464 1502 2520 Hiero,
1537 2462 1614 2512 de-

141 2540 358 2591 liberandi
392 2540 476 2589 sibi
509 2560 648 2590 nuum
686 2541 801 2590 diem
837 2541 1080 2608 postulavit.
1137 2542 1288 2606 Quum
1325 2541 1440 2590 idem
1478 2559 1529 2588 ex
1563 2558 1615 2590 eo

140 2619 350 2687 postridie
384 2632 633 2686 quaereret,
678 2620 864 2670 biduum
900 2620 1058 2687 petivit.
1134 2620 1287 2685 Quum
1323 2620 1496 2686 saepius
1531 2618 1613 2669 du-

142 2697 320 2765 plicaret
354 2717 588 2749 numerum
632 2698 803 2749 dierum
848 2699 1158 2766 admiransque
1194 2700 1328 2749 Hiero
1363 2698 1616 2765 remini-et,
