1826 3080
847 94 946 162 2'27

861 306 922 342 v1.

304 409 434 459 Δῃὼ.
469 407 561 458 Pal
597 407 824 467 V1‚212.
881 405 1121 466 Ἀνᾶθημα
1153 409 1495 466 Σιμωνίδου·

232 485 383 553 Εὸχεο
415 494 508 546 τοῖς
538 487 742 548 δώροισι,
774 485 958 542 Κύτων,
990 483 1104 533 θεον
1137 481 1223 533 ὦδε
1255 489 1444 547 χαρῆναι

334 561 579 627 davamant,
613 565 780 628 ἀγορῆς
812 564 1080 625 καλλιχόρου
1114 583 1347 625 πρυτανιν,

234 643 383 708 ὅσπερ
414 645 509 695 ὑπό
541 650 699 704 ξείνων
728 663 775 692 τε
806 647 879 692 καὶ
913 649 960 692 οἳ
989 648 1165 691 ναίουσι
1197 643 1432 705 Κόρινθον

330 726 461 774 αἶνον
494 729 606 786 ἔχεις
633 730 848 785 χαρίτων,
882 726 1092 780 δέσποτα,
1126 730 1219 779 τοῖς
1251 723 1496 783 στεφάνοις.

164 803 285 855 Seite
314 805 525 855 Re'skins
566 824 658 853 non
700 804 876 861 veteris,
921 803 1000 853 sed
1045 803 1295 852 recentioris
1327 814 1481 869 poetae
1514 801 1629 867 judi-

166 895 259 933 cat:
276 907 278 911 ·
295 883 525 932 ..δεσπότου
570 884 686 933 euim
732 883 1067 950 appellationem
1115 894 1277 932 veteres
1323 883 1481 931 Graeci
1525 878 1660 930 cane'

165 961 292 1030 pejus
331 974 375 1013 et
413 963 547 1028 angui
588 963 947 1012 reformidabant.
1016 962 1243 1012 Iacobsius
1276 962 1409 1011 verba
1442 963 1633 1009 δέσποτα

164 1047 258 1096 τοῖς
291 1041 529 1100 στεφάνοις
567 1041 752 1091 fortasse
795 1042 852 1090 ab
897 1042 1038 1091 aliena
1079 1060 1215 1090 manu
1249 1040 1306 1089 ad
1339 1059 1512 1090 versum
1548 1042 1632 1089 im-

161 1117 378 1186 {dendnm
420 1120 571 1169 addita
616 1132 752 1188 putat.
832 1123 998 1170 Verum
1041 1120 1107 1169 vel
1148 1120 1416 1185 reliquorum
1461 1119 1631 1168 indoles

161 1197 219 1247 de
252 1197 481 1249 Simonide
514 1200 746 1266 supparive
781 1211 919 1249 aetate
952 1211 1080 1266 poeta
1114 1200 1305 1264 cogitare
1338 1211 1464 1248 vetat.
1524 1199 1632 1247 Erat

162 1289 315 1327 autem·
354 1290 492 1328 aetate
534 1279 777 1327 Pausaniae
821 1279 868 1327 in
908 1279 1005 1327 foro
1042 1278 1240 1327 Corinthi
1273 1277 1510 1326 Ἀπόλλων
1544 1280 1633 1325 ἐπι-

161 1363 316 1416 κλησιν
358 1357 560 1418 Κλάριος
599 1362 815 1417 χαλκοῦς,
861 1358 989 1407 Paus.
1038 1358 1108 1417 ΙΙ,
1149 1363 1202 1415 2,
1247 1361 1288 1406 7.
1358 1358 1441 1407 Cui
1486 1359 1629 1426 Cyton

163 1436 340 1485 victoria
373 1450 594 1504 reportata
627 1438 745 1486 dona
780 1437 1004 1487 dedicasse
1037 1438 1219 1486 videtur.

296 1518 436 1566 Versu
477 1519 516 1565 1.
563 1536 633 1564 τοι
677 1516 858 1577 δώροισι
899 1517 1036 1566 codex
1077 1517 1169 1566 Pal.
1230 1516 1489 1565 Emendavit
1531 1515 1628 1564 Sal-

161 1614 335 1645 masms.

856 1748 932 1783 vll.

294 1833 438 1901 Etym.
475 1834 535 1881 Μ.
583 1854 623 1900 p.
675 1837 794 1891 135,
838 1839 914 1884 30.
976 1835 1262 1895 Ἀργανθών·
1305 1837 1630 1893 Σιμωνίδης

162 1910 360 1970 ποταμόν
394 1925 554 1970 φησιν,
587 1913 710 1959 οἷον·

330 1988 484 2038 Μυσιᾰ
518 1991 691 2039 πύοντα
727 1990 848 2053 zuoni
884 1993 996 2053 ῥόον
1028 1992 1358 2052 Ἀργανθώνης.

161 2070 292 2118 Recte
338 2070 625 2139 Sylburgius‚
670 2085 717 2121 ut
763 2072 955 2130 videtur,
1003 2078 1143 2120 Πίσεα
1186 2072 1417 2132 ποιήεντα,
1469 2083 1514 2119 ut
1565 2081 1628 2118 est

161 2149 290 2198 Hom.
326 2147 373 2196 ΙΙ.
411 2151 521 2207 XX,
555 2154 622 2208 9.‚
656 2171 785 2218 quem
822 2152 981 2219 probat
1016 2152 1304 2201 Ruhnkenius
1338 2153 1417 2217 Ep.
1454 2149 1556 2197 Crit.
1593 2148 1628 2204 l,

159 2247 197 2294 p.
245 2231 324 2276 53.
385 2229 548 2278 Contra
597 2231 796 2298 Toupius
839 2244 985 2299 aperte
1030 2231 1215 2290 fallitur,
1260 2232 1336 2299 qui
1379 2229 1624 2279 Emendau.

158 2309 203 2355 in
221 2307 345 2356 Suid.
373 2327 414 2375 p.
441 2310 516 2357 60.
536 2310 803 2374 corrigebat:
838 2312 1038 2371 ποταμόν
1068 2326 1176 2371 φησι
1197 2315 1389 2366 Μυσίας,
1419 2309 1518 2356 οἷον
1539 2314 1625 2354 κτλ.

158 2388 255 2436 Non
293 2386 397 2436 dicit
433 2389 547 2437 enim
584 2402 710 2456 poeta
746 2392 917 2460 Mysiae
953 2391 1125 2439 flumen.
1206 2393 1316 2439 Utut
1349 2402 1432 2446 est,
1481 2388 1625 2436 Simo-

157 2465 304 2515 uidem
342 2467 477 2516 Ceum
515 2480 735 2519 auctorem
772 2470 1071 2537 deprecamur.
1142 2471 1279 2535 Quid,
1314 2471 1348 2519 si
1386 2469 1626 2517 Simmiae

157 2545 315 2595 fuerit?
361 2546 450 2594 Cfr.
487 2565 600 2614 quae
634 2549 748 2599 dicta
783 2562 882 2599 sunt
921 2569 1053 2618 supra
1091 2569 1133 2617 p.
1168 2552 1247 2600 88.
