1826 3080
927 101 995 149 28

351 233 576 302 Copulatis
623 235 690 282 his
738 254 850 300 quae
895 236 1017 302 apud
1059 247 1147 285 tres
1181 248 1380 286 auctores
1421 239 1590 291 divulsa
1631 242 1692 292 le-

214 328 400 381 guntur,
444 333 624 364 succum
671 332 800 362 suum
846 326 889 363 et
923 315 1183 380 sanguinem
1217 317 1691 389 reddidimus-poetae.

214 396 473 444 Sermonem
519 412 611 442 esse
657 392 711 440 de
761 392 944 460 Orpheo
987 396 1164 444 Tzetzes
1201 396 1326 445 Chill.
1373 397 1415 456 Ι,
1458 401 1574 452 316.
1617 403 1692 459 ait,

212 477 288 542 qui
323 488 410 524 tres
445 475 614 541 priores
647 491 797 522 versus
833 473 954 523 citat:

303 554 363 609 ὦς
396 553 559 614 γράφει
593 570 683 599 που
717 555 819 613 περὶ
852 552 995 600 αὐτοῦ
1029 557 1102 600 καὶ
1135 556 1392 615 Σιμωνίδης
1425 554 1590 615 οὕτως·

214 637 307 680 Τοῦ
344 635 417 679 καὶ
451 631 526 678 ἀπ.
563 638 650 678 κτλ.
727 633 869 680 Versu
906 637 950 681 2.
995 635 1195 681 Ποτῶντ’
1242 646 1283 683 et
1326 641 1525 697 κεφαλῆς
1565 639 1691 688 Ursi-

209 732 312 769 nus;
329 711 497 759 ibidem
523 708 697 771 ὅρνιχες
719 713 1016 762 revocandum
1035 727 1139 774 erat,
1157 736 1194 763 v.
1209 714 1692 783 Prolegg.p.va11.:

209 791 310 839 libri
347 787 536 850 ὄρνιθες.
627 794 671 839 3.
714 791 839 845 Libri
872 794 1067 841 κυανέου
1101 797 1148 850 ἐξ
1181 792 1364 850 ὕδατοςε
1398 813 1548 844 veram
1582 797 1692 846 scri-

207 884 384 936 pturam
419 869 485 918 vel
521 869 576 917 ab
612 870 846 936 interprete
881 871 1107 938 expulsam
1143 873 1210 922 vel
1243 875 1464 940 sequentis
1488 875 1692 926 vocabuli

207 948 493 998 similitudine
540 949 839 1009 obliteratam,
890 963 992 1017 post
1034 970 1167 1018 prave
1210 953 1457 1020 suppletam
1501 957 1690 1008 restitui-

207 1049 318 1077 mus.
398 1030 514 1077 Tum
560 1026 748 1076 ἅλλοντο
795 1030 1008 1088 Ursinus3
1054 1031 1243 1098 denique
1274 1034 1510 1084 Jacobsius
1554 1040 1693 1092 καλᾶς

204 1109 281 1155 ὑπ’
328 1109 485 1163 οἷοιδᾶς
528 1109 728 1174 conjicit:
789 1109 966 1175 vulgata
1020 1123 1167 1159 tamen
1217 1112 1416 1162 vividior.
1502 1115 1692 1165 Videtur

205 1201 350 1237 autem
387 1187 442 1236 de
478 1187 660 1254 Orpheo
694 1189 1056 1254 Argonautarum
1092 1191 1211 1240 socio
1253 1211 1398 1241 sermo
1431 1192 1590 1252 fifisse,
1633 1194 1689 1243 de

204 1288 292 1334 quo
327 1267 471 1333 Apoll.
509 1267 654 1315 Rhod.
692 1268 736 1326 I,
773 1269 884 1316 569.

274 1354 399 1394 Τοῖσι
434 1347 481 1393 δὲ
516 1352 749 1408 φορμίζων
783 1347 1003 1407 εὐθήμονι
1035 1350 1199 1408 μέλπεν
1234 1349 1364 1412 ἀοιδῇ

269 1426 483 1487 Οἰάγροιο
520 1427 644 1482 πάϊς·
679 1457 748 1464 -
780 1431 851 1474 τοὶ
884 1428 931 1474 δὲ
965 1431 1150 1487 βαθείης

270 1505 426 1564 ἰχθύες
462 1505 693 1562 ἀίσσοντες
725 1504 889 1569 ὕπερθ’
926 1504 1034 1561 ἁλός
1067 1504 1229 1566 ἅμμυγα
1263 1509 1455 1571 παύροις

271 1583 453 1631 ἄπλετοι
487 1584 604 1646 ὑγροὶ
640 1589 831 1634 κέλευθα
866 1590 1196 1646 διασκαίροντες
1229 1590 1406 1636 ἕποντο.

201 1665 268 1712 Ex
304 1665 532 1713 Simonide
577 1666 762 1714 forsitan
805 1666 962 1714 ductus
1006 1666 1215 1731 Orpheus
1260 1667 1527 1718 Theodoreti
1568 1669 1682 1718 The-

200 1763 293 1811 rap.
341 1744 439 1803 III,
482 1764 523 1811 p.
571 1747 680 1794 767.
733 1745 905 1793 Schulz.
954 1753 1047 1800 τοῖς
1087 1746 1335 1806 κρούμασιν
1377 1746 1485 1804 τούς
1525 1749 1692 1808 ἰχθύας·

199 1825 496 1882 καταθέλγων.
583 1825 627 1872 4.
677 1823 897 1873 Plutarch.
946 1825 1174 1893 Syniposs.
1210 1827 1349 1885 VIII,
1391 1846 1435 1894 p.
1472 1831 1594 1886 722,
1637 1829 1683 1877 C.

203 1908 400 1962 Νηνεμία
435 1901 518 1964 γοὶρ
551 1901 723 1962 ἠχῶδες
755 1907 828 1950 καὶ
859 1904 1028 1964 γαλήνη
1066 1908 1139 1952 καὶ
1169 1905 1461 1964 τούναντίον,
1496 1905 1559 1962 ⁰3⁶
1589 1914 1684 1955 Σι-

199 1988 448 2042 μωνίδης
482 1987 644 2042 φησίν·
702 1982 848 2031 Ου’δὲ
882 1982 982 2045 γαρ
1017 2012 1085 2021 ——-
1117 1989 1360 2045 βροτῶν.
1460 1989 1603 2036 Versu
1638 1987 1682 2036 4.

199 2062 551 2122 Ἐννοσίφυλλος
584 2063 841 2131 Xylander:
884 2064 983 2112 edd.
1021 2076 1118 2112 vett.
1155 2063 1220 2112 vel
1256 2069 1582 2124 ζηνοσίφυλλος
1617 2066 1684 2116 vel

198 2147 540 2201 ξυνοσίφυλλος,
580 2142 770 2191 Ursinus
805 2147 1131 2202 εἰνοσίφυλλος,
1168 2144 1244 2210 qui
1279 2164 1320 2210 p.
1357 2148 1469 2194 337.
1505 2164 1552 2194 se
1576 2144 1683 2194 Plu-

196 2221 336 2269 tarchi
380 2222 523 2270 locum
573 2241 621 2270 ex
667 2223 920 2271 auctoritate
967 2234 1236 2271 vetustorum
1282 2223 1499 2272 librorum
1534 2243 1681 2274 emen-

199 2300 327 2349 dasse
371 2301 533 2349 scribit.
614 2301 729 2349 Ante
767 2302 980 2350 Ursinum
1015 2301 1181 2361 οἷήτατό
1214 2322 1279 2360 τε,
1325 2303 1534 2370 Stephan.
1570 2302 1683 2363 ἀήτα

194 2380 290 2426 τότε
326 2374 456 2439 ὦρτο.
551 2382 592 2428 5.
639 2381 763 2428 Libri
800 2383 1086 2440 σκιδναμένα,
1132 2402 1230 2431 vere
1274 2383 1476 2432 Reiskius
1512 2387 1682 2430 σκιδνα-

193 2462 355 2517 μέναν,
400 2459 483 2507 nisi
528 2460 649 2524 quod
684 2463 950 2519 κιδναμέναν
985 2461 1269 2509 scribendum
1306 2474 1410 2510 erat.
1456 2464 1679 2510 Μελιαᾶέα

191 2544 335 2598 γᾶρυν
370 2539 539 2605 primus
576 2539 827 2605 Stephanus
871 2552 912 2588 et
946 2539 1197 2607 Xylandcr:
1252 2540 1395 2589 Aldus
1429 2545 1554 2601 μελία
1588 2543 1679 2597 δία,

193 2618 325 2666 Basil.
364 2621 470 2678 μέλη
507 2616 636 2674 ἅδεα,
684 2620 831 2667 Ursin.
869 2622 1071 2679 μελιηδέα
1104 2624 1258 2680 γῆρυν.
1366 2623 1408 2668 6.
1430 2617 1551 2681 ’Ἆρα
1585 2624 1682 2681 ῥεῖν

190 2697 343 2746 Aldus.
394 2699 598 2763 Pingitur
633 2717 753 2746 mare
790 2698 1049 2757 delenitum,
1087 2712 1133 2748 ut
1169 2711 1322 2748 cantus
1357 2699 1403 2747 in
1438 2717 1565 2750 aures
1597 2699 1679 2749 ho-
