1826 3080
853 112 951 161 114

151 244 292 306 ἄλογα
333 250 407 294 καὶ
450 244 632 307 μάχεται
672 248 746 292 καὶ
796 242 910 292 αὐτοὶ
951 245 1127 302 ἑαυτοῖς
1167 250 1242 294 καὶ
1283 255 1378 304 τοῖς
1422 247 1638 311 εὐλόγοις.

152 329 243 375 Καὶ
275 329 418 374 ἔοικεν
454 328 503 373 ἐν
539 324 693 379 αὐτοῖς
727 324 840 370 εἶναι
885 322 910 370 ὁ
946 331 1283 385 Σιμωνίδου
1318 326 1527 390 μακρὰς
1556 329 1641 378 λό·

151 426 261 466 γος.
331 410 503 454 Γίνεται
548 403 634 465 γάρ
683 402 707 450 ὁ
751 400 920 463 μακρός
963 403 1119 464 λόγος,
1168 403 1318 468 ὥσπερ
1356 406 1381 455 ὁ
1415 411 1508 457 τῶν
1541 409 1644 460 δού-

152 492 272 542 λων,
309 482 418 532 ὅταν
452 486 596 544 μηθὲν
629 482 751 542 ὑγιὲς
784 485 982 543 λέγωσιν.

289 563 422 612 Nullo
456 576 585 630 pacto
620 563 751 613 nobis
787 563 1106 631 persuademus
1153 567 1402 634 respexisse
1426 566 1645 618 Aristote-

153 643 239 693 lem
288 643 551 692 versiculum
587 643 831 709 Amorgini.
859 644 1101 694 Simonidis
1149 646 1272 712 apud
1307 645 1453 696 Schol.
1490 646 1644 714 Eurip-

153 723 319 774 Phoen.
356 725 468 772 215.
518 723 837 783 Κατενάσθην·
875 722 976 771 ἀντὶ
993 729 1077 772 τοῦ
1101 725 1504 788 κατανασθήσομαι,
1550 727 1648 776 Ka}

155 807 411 863 Σιμωνίδης
446 805 495 850 ἐν
530 802 725 864 ἰάμβοις·

327 888 382 931 Τί
413 886 551 931 ταῦτα
585 887 676 930 τῶν
710 887 894 943 μακρῶν
929 882 1078 943 λόγων
1113 883 1388 946 ἀνέδραμον,-

155 962 253 1011 οἶντὶ
287 967 369 1011 τοῦ
406 962 676 1025 ἀναδραμεῖν
708 966 865 1025 μέλλω.

856 1112 948 1151 Clx.

293 1201 515 1251 Plutarch.
553 1221 612 1251 an
645 1202 751 1250 Seni
786 1220 830 1268 p.
867 1201 967 1252 784
979 1239 992 1261 ,
1025 1202 1079 1250 Β.
1127 1199 1195 1249 Τό
1227 1200 1314 1264 γαρ

461 1279 636 1337 Πόλις
673 1279 852 1342 ἄνδρα
887 1280 1139 1329 διδάσκει

140 1411 144 1413 ,
157 1358 266 1407 nato}
313 1367 358 1407 Σ
367 1381 382 1406 ι
392 1380 422 1420 μ
434 1380 469 1407 ω
481 1380 509 1408 ν
519 1365 538 1408 ί
544 1365 570 1408 δ
577 1381 604 1420 η
614 1381 642 1408 ν
654 1398 666 1418 ,
725 1359 893 1420 ἀληθές
944 1363 1064 1408 ἐστιν
1119 1363 1193 1409 ἐπὶ
1238 1364 1330 1408 τῶν
1373 1363 1435 1409 ἔτι
1478 1361 1651 1424 χρόνον

158 1439 356 1500 ἑχόντων
373 1444 773 1501 μεταδιδαχθῆναι.
1036 1432 1040 1434 ’

293 1520 531 1570 Weberus
569 1521 718 1587 elegiis
754 1520 996 1570 accensuit:
1031 1520 1154 1587 quod
1188 1520 1418 1570 incertum.
1452 1520 1523 1570 De
1552 1539 1653 1570 sen-

159 1601 294 1657 tentia
329 1620 365 1647 v.
402 1600 609 1666 Prolegg.
646 1620 690 1667 p.·
724 1602 905 1648 XXXV.

868 1747 943 1784 CX.

295 1837 517 1887 Plutarch.
556 1838 611 1887 de
646 1837 750 1886 Util.
787 1857 839 1887 ex
874 1839 998 1886 Host.
1036 1838 1144 1905 Cap.
1178 1842 1222 1905 Ρ.
1259 1838 1347 1896 91,
1380 1838 1434 1886 Β.
1477 1836 1656 1899 Πᾶσῃσι

163 1922 451 1983 κορυδαλῇσι,
481 1915 566 1979 χρή
608 1917 758 1977 λόφον
802 1919 1080 1978 ἐγγενέσθαι,
1130 1915 1242 1964 κατα
1289 1915 1370 1965 τόν
1410 1921 1655 1978 Σιμωνί-

164 2004 273 2059 δην.
344 1998 410 2046 Ita
459 2009 501 2046 et
547 1996 748 2064 Apostol.
793 1999 948 2047 Provv.
984 1999 1093 2056 XV,
1131 1997 1206 2047 68.
1249 1996 1326 2063 qui
1360 1995 1511 2046 addit:
1559 1999 1656 2046 Τοῦ

164 2082 491 2138 Σιμωνίδου
537 2080 646 2125 ἐστι’
699 2081 772 2125 ἐπὶ
810 2082 902 2126 τῶν
949 2075 1322 2137 ζηλοτυπούντων
1355 2080 1430 2124 καὶ
1463 2083 1655 2137 φιλονεν

164 2158 379 2206 κούντων.
451 2159 586 2206 Recte
620 2159 769 2206 Ursin.
820 2170 862 2207 et
896 2157 1047 2224 Steph.
1082 2157 1285 2214 πάσαισι,
1330 2168 1425 2205 tum
1466 2155 1654 2206 Salmas.

165 2242 446 2299 κορυδαλίσι,
492 2236 629 2285 codex
664 2238 808 2304 Mosq.
846 2249 960 2286 recte
995 2241 1310 2304 κορυδαλλίσι,
1352 2235 1465 2285 illud
1498 2234 1656 2285 scribi-

166 2331 238 2366 tur
285 2330 326 2367 et
369 2317 483 2366 Plut.
532 2317 705 2365 Praecc.
741 2316 871 2365 Politl
905 2335 947 2383 p.
983 2317 1109 2374 809,
1144 2317 1196 2364 Β.
1258 2314 1380 2364 Ἐπεὶ
1415 2316 1463 2363 δὲ
1497 2314 1659 2371 πάσαις

169 2401 451 2457 κορυδαλίσι,
509 2394 618 2442 κατα
662 2399 1010 2456 Σιμωνίδην,
1058 2393 1145 2456 χρή
1190 2394 1342 2456 λόφον
1388 2396 1656 2456 ἐγγενέσθαι,

168 2480 239 2524 καὶ
275 2480 396 2523 πᾶσα
431 2478 627 2522 πολιτεία
663 2478 790 2536 φέρει
823 2473 947 2531 τινας
981 2478 1148 2536 ἔχθρας
1181 2478 1254 2522 καὶ
1288 2473 1519 2536 διαφοράς.
1565 2473 1654 2523 Mi-

169 2575 251 2604 nus
298 2556 464 2604 sincere
512 2553 631 2603 idem
680 2555 942 2605 Timoleont.
988 2554 1223 2604 XXXVII.
1289 2555 1410 2603 Ἐπεὶ
1444 2554 1493 2601 δὲ
1525 2556 1657 2614 χρῆν,

169 2635 229 2690 ὠς
265 2639 398 2693 ἔοικε,
435 2638 544 2682 πᾶσι
576 2634 870 2695 κορυδαλλοις
912 2635 1035 2698 (Urs.
1070 2638 1358 2700 κορυδαλοῐς)
1401 2632 1551 2692 λόφον
1592 2634 1657 2692 ἐγ·

167 2719 388 2773 γίνεσθαι,
424 2712 534 2761 κατα
569 2720 926 2775 Σιμωνίδην,
970 2711 1082 2761 ἄλλα
1126 2717 1199 2763 καὶ
1233 2712 1351 2774 πάσῃ
1387 2716 1657 2775 δημοκρατίᾳ
