1826 3080
867 104 969 140 xxu

188 249 265 277 cur
298 229 356 276 ita
391 228 572 275 faceret:
613 226 760 290 »Quia
797 238 983 291 quanto,
1017 225 1181 291 inquit,
1217 225 1380 274 diutius
1416 227 1660 286 considero,

190 320 308 355 tanto
354 306 462 355 mihi
507 325 577 354 res
621 305 791 354 videtur
833 304 1072 353 obscurior.
1148 302 1237 351 Sed
1270 304 1543 354 Simonidem
1588 325 1660 354 ar-

188 387 351 444 bitror,
385 414 451 422 -
494 403 583 431 non
626 385 740 431 enim
783 395 912 450 poeta
955 382 1096 432 solum
1132 382 1297 440 suavis,
1342 383 1659 433 verumetiam

189 477 325 514 cetera
364 482 497 530 quam
533 462 686 510 doctus
732 461 995 528 sapiensque
1036 459 1224 509 traditur
1254 490 1343 519 —,
1391 462 1493 527 quia
1526 461 1664 512 multa

190 545 385 592 venirent
436 543 482 589 in
525 552 715 588 mentem
765 552 891 588 acuta
940 551 1069 606 atque
1122 538 1319 598 subtilia,
1374 539 1664 597 dubitantem,

190 623 298 689 quid
333 639 485 670 eorum
521 631 631 667 esset
661 619 933 668 verissimum
947 655 959 677 ,
1001 618 1253 684 desperasse
1295 637 1471 668 omnem
1504 619 1664 668 verita-

190 715 322 750 tem«
401 699 524 747 Idem
567 698 657 746 fere
701 697 756 746 de.
800 697 982 746 Thalete
1024 696 1197 746 Milesio
1241 709 1282 745 et
1325 698 1488 746 Croeso
1530 697 1666 747 refert

190 778 486 828 Tertullianus
534 775 666 842 Apol.
711 776 790 825 46.
833 788 874 825 et
916 776 975 824 ad
1006 776 1217 824 Nationes
1250 776 1314 834 Π,
1347 780 1414 835 2.,
1465 776 1664 826 versibus

191 858 375 906 eandem
410 855 666 904 sententiam
696 854 929 903 declaravit
951 854 1130 920 Jophon
1146 854 1333 903 Bacchis
1365 854 1518 904 fabula
1545 853 1666 922 apud

192 937 429 985 Stobaeum
466 933 646 998 Eclogg.
680 934 807 1001 phys.
843 933 907 991 II,
949 933 999 991 1,
1034 934 1077 981 9.

391 1046 647 1106 Ἐπίσταμαι
681 1047 728 1092 δὲ
761 1048 834 1092 καὶ
865 1043 978 1101 τόδ’,
1014 1039 1129 1092 οὖσά
1162 1063 1244 1104 περ
1277 1045 1404 1105 γυνή,

396 1125 457 1181 ὥς
491 1129 660 1185 μᾶλλον
696 1121 815 1180 ὅστις
847 1125 1007 1171 εἰδέναι
1039 1122 1092 1170 τοὶ
1126 1126 1216 1170 τῶν
1249 1127 1373 1170 θεῶν

335 1254 337 1256 ,
393 1211 531 1264 ζητεῖ,
566 1203 763 1266 τοσούτῳ
797 1206 967 1262 μᾶλλον
998 1198 1142 1262 ἧσσον
1176 1207 1342 1250 εἴσεται.

191 1332 342 1396 Neque
377 1329 523 1376 minus
557 1326 830 1375 familiariter
862 1344 998 1374 uxore
1031 1326 1232 1394 tyranni,
1266 1343 1400 1391 quam
1435 1324 1530 1391 ipse
1560 1324 1667 1373 Hie-

194 1410 290 1456 roni
334 1406 624 1463 conciliasset,
673 1405 844 1453 videtur
883 1423 1001 1453 usus.
1081 1405 1147 1452 Ex
1180 1404 1402 1471 responsis
1433 1402 1520 1469 ipsi
1554 1402 1668 1451 datis

192 1501 255 1535 est
290 1486 422 1544 illud,
457 1505 544 1551 quo
579 1483 808 1548 opulentos
850 1481 1121 1548 sapientibus
1154 1483 1369 1530 beatiores
1402 1470 1670 1548 praedicavit

194 1565 314 1631 apud
348 1562 623 1611 Aristotelem
658 1560 785 1608 Rhet.
822 1560 888 1618 II,
927 1561 1000 1608 16.
1039 1557 1184 1608 ’Ὅθεν
1218 1563 1291 1607 καὶ
1322 1558 1374 1607 τό
1407 1562 1669 1619 Σιμωνίδου

193 1649 359 1704 εἴρηται
404 1644 503 1700 περὶ
548 1643 637 1686 τῶν
682 1642 840 1697 σοφῶν
886 1641 958 1684 καὶ
991 1643 1219 1685 πλουσίων
1263 1634 1403 1697 πρὸς
1434 1635 1531 1696 τήν
1575 1655 1669 1696 γυ-

195 1729 354 1767 ναῖκα
387 1718 484 1779 τήν
515 1717 776 1778 Ἱέρωνος
809 1718 1039 1778 ἐρομένην,
1075 1716 1265 1776 πότερον
1298 1717 1504 1775 γενέσθαι
1537 1723 1670 1776 κρεῖτ-

195 1819 274 1846 τον
306 1797 523 1846 πλούσιον
557 1794 584 1855 ἢ
622 1796 797 1856 σοφόν,·
844 1795 1095 1851 Πλούσιον,
1143 1799 1300 1842 εἰπεῖν·
1340 1792 1447 1850 τούς
1478 1792 1562 1855 γοέρ
1601 1808 1671 1841 σο-

196 1877 314 1937 φούς
347 1877 462 1937 ὁρᾶν
496 1878 567 1922 ἐπὶ
599 1883 692 1929 ταῖς
723 1879 813 1921 τῶν
847 1879 1075 1922 πλουσίων
1109 1874 1271 1935 θύραις
1305 1876 1392 1934 ἔφη
1425 1878 1670 1934 διατρίβον-

194 1977 291 2012 ταςε
331 1957 520 2022 seipsum
557 1954 724 2002 urbane
760 1954 1012 2010 traducens,
1060 1954 1214 2002 eximie
1248 1952 1535 2020 suppalpatus
1567 1971 1668 2001 mu-

196 2036 409 2084 lierculae.
499 2034 666 2081 Eadem
719 2032 917 2080 similiter
968 2031 1164 2080 referunt
1215 2031 1432 2080 Stobaeus
1481 2031 1668 2080 Sermm.

196 2116 317 2171 XCI,
352 2115 450 2170 31.‚
485 2112 528 2159 S.
564 2112 782 2159 Maximus
819 2109 1055 2159 Confessor
1093 2111 1160 2168 II,
1206 2129 1250 2177 p.
1288 2113 1398 2160 572.
1435 2109 1667 2159 combefis.

197 2211 337 2258 neque
371 2192 575 2239 aliorsum
615 2190 799 2254 digitum
835 2189 1020 2238 intendit
1054 2189 1180 2238 Plato
1214 2189 1297 2238 Rei
1330 2188 1459 2237 Publ.
1496 2189 1582 2248 VI,
1626 2207 1670 2256 p.

195 2271 316 2327 489,
351 2272 401 2317 Β.
467 2267 534 2316 Οὐ
568 2267 650 2328 γάρ
687 2271 771 2327 ἔχει
806 2268 946 2327 φύσιν
979 2269 1252 2328 κυβερνήτην
1286 2271 1465 2314 ναυτῶν
1497 2271 1671 2315 δεῖσθαι

196 2348 409 2407 ἄρχεσθαι
441 2347 522 2406 ὑφ’
559 2346 699 2393 αὑτοῦ
737 2346 843 2393 οὐδὲ
877 2345 984 2401 τούς
1018 2345 1193 2406 σοφούς
1216 2349 1288 2394 ἐπὶ
1306 2355 1400 2402 ταῖς
1421 2351 1513 2395 τῶν
1533 2353 1669 2394 κλου-

197 2432 306 2473 σίων
330 2427 493 2487 θύραις
515 2429 639 2481 ἰέναι,
677 2425 768 2471 ἀλλ’
808 2424 832 2472 ὁ
867 2429 1031 2472 τοῦτο
1067 2425 1520 2485 κομψευσάμενος
1542 2426 1669 2481 ἐφευ-

196 2520 310 2551 σατο.
394 2504 521 2568 Quae
566 2504 741 2570 quidem
788 2504 962 2552 Scholia
1005 2505 1119 2552 inter
1158 2504 1383 2552 Eubulum
1420 2516 1550 2570 atque
1582 2502 1667 2552 So-

195 2595 351 2630 cratem
390 2582 608 2649 disputata
644 2582 836 2646 fingunt,
873 2583 1031 2649 quibus
1066 2583 1196 2631 fidem
1227 2581 1540 2632 detrahendam
1565 2600 1666 2649 per-

196 2661 329 2725 spexit
366 2662 513 2710 Groen
552 2680 632 2709 van
669 2662 910 2710 Prinsterer
943 2662 1297 2729 Prosopog‘raph.
1324 2661 1491 2710 Platon.
1516 2681 1558 2730 p.
1591 2662 1665 2710 17.
