1826 3080
870 152 923 188 1¹

143 274 420 343 fflgempuo
447 280 602 325 mm
634 275 757 342 apud
787 274 1217 343 Hippnmfiatreau
1238 273 1427 323 Athenis
1459 291 1635 323 reman-

154 355 288 414 nt«,
336 375 425 406 ant
413 354 605 404 rQierit
647 373 859 423 peregre,
907 356 1175 421 ignoramus.
1246 353 1530 419 Quanquam
1575 353 1634 402 ab

155 434 341 503 ψ
348 435 563 487 :ninum
605 447 761 502 poetae
793 454 884 484 non
919 435 1053 484 luisse
1076 433 1278 484 alien.um
1312 432 1536 482 declarare
1571 433 1633 480 vi

15 514 18 516 ’
66 556 71 562 .
157 513 291 564 detur
319 514 470 582 Epigr.
505 515 686 572 CLXX,
728 514 807 563 ubi
851 515 1062 581 Hippiam
1095 525 1223 563 vocat
1254 511 1409 573 ανδρα
1440 511 1637 573 αἰριστεύ

158 607 298 643 σοντι
327 595 380 643 ὃν
407 592 588 642 Ἐλλάδι
629 598 722 641 τῶν
754 595 826 654 ἐφ’
859 596 1046 642 ἑαυτοῦε
1093 594 1178 642 nisi
1219 593 1333 643 forte
1378 605 1552 660 tempus
1594 604 1638 641 et

158 673 312 741 regina
349 664 542 741 'pecunia
583 672 826 723 domuerat.
907 673 998 722 Sed
1043 674 1207 741 Hippia
1242 672 1422 742 Olymp.
1456 673 1637 729 LXVII,

159 756 205 804 3-
235 754 381 822 patria
413 753 543 821 pulso
577 773 714 821 quum
749 754 1038 819 Aristogitoni
1073 766 1116 802 et
1139 753 1408 810 Harmodio,
1441 751 1637 819 Hippar-

159 830 232 882 chi
263 832 611 900 percussoribus,
643 845 812 881 statuae
845 832 1164 883 collocarentur
1197 833 1400 891 aheneae,
1434 850 1546 898 quas
1579 831 1637 879 ab

159 912 385 962 Antenore
421 912 556 961 factas
589 924 741 980 postea
774 914 940 962 Xerxes
974 932 1124 962 secum
1159 912 1351 970 abstulit,
1383 932 1422 959 v.
1447 912 1636 960 Pausan.

159 990 214 1050 1,
243 991 302 1050 8,
334 994 406 1049 5.,
437 1010 616 1040 omnem
648 991 859 1058 pristinae
893 991 1219 1041 benevolentiae
1253 1004 1296 1041 et
1329 992 1519 1040 caritatis
1544 1010 1638 1040 me-

158 1070 348 1120 moriam
381 1083 511 1138 poeta
545 1071 826 1139 deposuerat,
860 1092 897 1120 v.
931 1072 1083 1138 Epigr.
1115 1072 1370 1120 CLXXXV.

293 1150 567 1200 Versabatur
611 1150 765 1201 eodem
808 1164 1006 1219 tempore
1048 1150 1234 1200 Athenis
1281 1153 1453 1200 Lasus
1499 1150 1639 1199 Her-

162 1229 488 1290 mionensis,
539 1230 664 1297 cujus
705 1250 838 1280 suasu
881 1231 1145 1299 hortatuque
1188 1229 1469 1299 Hipparchus
1513 1229 1639 1278 Ono-

159 1311 392 1360 meritum
409 1347 422 1367 ,
455 1311 628 1359 Musaei
668 1311 972 1360 vaticiniorum
1007 1311 1225 1359 nefarium
1269 1308 1640 1376 interpolatorem,

162 1389 275 1439 urbe
308 1389 455 1454 ejecit,
490 1401 595 1437 teste
630 1389 795 1437 Herod.
830 1389 939 1452 th,
975 1391 1018 1437 6.
1090 1389 1203 1438 Cum
1238 1391 1353 1438 Laso
1388 1390 1523 1455 igitur
1557 1389 1641 1437 ini-

164 1467 352 1517 micitias
392 1468 632 1517 exercuisse
675 1468 848 1517 videtur
880 1468 1155 1526 Simonides,
1201 1468 1423 1518 vellicatus
1466 1468 1524 1516 ab
1556 1468 1641 1517 isto

163 1545 286 1615 apud
315 1546 660 1614 Aristophanem
693 1550 855 1615 Vespp.
898 1548 1039 1596 1410.

328 1660 483 1716 Λᾶσός
515 1659 612 1708 ποτ’
646 1659 927 1708 ἀντεδίδασκε
947 1664 1021 1708 καὶ
1052 1664 1321 1721 Σιμωνίδης.

314 1737 493 1788 Ἔπειθ’
528 1738 554 1787 ὁ
590 1744 743 1795 Λᾶσος
774 1740 917 1787 εἶπεν·
953 1741 1132 1800 Ὀλίγον
1165 1760 1252 1810 μοι,
1274 1741 1403 1799 μέλει.

163 1863 255 1914 Ubi
298 1863 564 1915 Scholiasta:
610 1862 691 1911 τόν
733 1869 891 1913 Λᾶσον
931 1868 1005 1912 καὶ
1046 1868 1308 1924 Σιμωνίδην
1352 1862 1414 1918 ὥς
1457 1863 1644 1921 ἀντιτεχ-

162 1948 359 2000 νοῦντας
392 1943 602 2003 ἀλλήλοις
634 1942 660 1991 ὁ
698 1942 883 2003 ποιητής
912 1944 1078 2003 εζςᾶγει.
1113 1942 1432 1992 Aemulationis
1465 1960 1642 1991 caussas

165 2025 368 2091 aperiunt
397 2043 511 2091 quae
546 2023 603 2073 de
634 2025 751 2072 Laso
785 2023 957 2072 addunt
990 2023 1191 2072 Scholia:
1230 2021 1255 2070 ὁ
1284 2027 1438 2076 Λᾶσος
1463 2025 1643 2079 πρῶτος

166 2105 499 2163 ωριμουσιαῆς
525 2103 661 2163 λόγον
690 2107 852 2163 ἔγραφε
880 2106 955 2150 καὶ
987 2102 1355 2163 διθύραμβον
1388 2106 1470 2156 εἰς
1502 2102 1645 2160 ἀγῶ-

164 2201 233 2229 να
289 2183 546 2244 εἰς’ήγαγε
590 2187 663 2231 καὶ
702 2182 811 2239 τούς
851 2180 1096 2243 gemtum&-
1146 2182 1404 2242 εἰσηγήσατο
1465 2180 1640 2240 λόγους.

165 2260 344 2310 Gloriae
378 2274 523 2311 autem
551 2282 657 2312 suae
685 2263 997 2313 obtrectatores
1031 2262 1283 2311 Simonides
1317 2280 1459 2328 aequo
1494 2261 1644 2309 auimo

167 2340 281 2390 serre
314 2360 404 2389 non
437 2342 691 2392 sustinebat.

300 2421 367 2468 Eo
401 2433 619 2489 tempore,
652 2422 774 2489 quod
807 2422 1047 2471 intercessit
1078 2422 1193 2483 inter
1225 2439 1375 2470 necem
1398 2418 1645 2486 Hipparchi

166 2512 209 2550 et
242 2499 355 2549 bella
390 2501 564 2550 Persica
596 2531 667 2540 --
700 2521 802 2551 nam
839 2502 1019 2569 quando
1052 2502 1287 2566 naulragio
1322 2501 1426 2556 isto,
1461 2499 1517 2548 de
1552 2517 1642 2565 quo

166 2579 333 2629 dixerat
370 2581 440 2630 Fr.
476 2583 639 2650 Hymn.
662 2583 916 2631 XXXVIII.
951 2601 1058 2631 usus
1091 2582 1219 2630 fuerit
1255 2593 1297 2629 et
1331 2599 1441 2646 quas
1474 2579 1520 2627 in
1555 2590 1641 2628 ter·

165 2677 239 2709 ras
271 2660 402 2710 fuerit
435 2661 597 2726 ejectus
631 2661 870 2712 obscurum
906 2674 972 2711 est
995 2690 1087 2720 —,
1120 2660 1421 2711 Aleuadarum
1455 2669 1498 2707 et
1530 2658 1639 2707 Sco·

166 2740 407 2805 pedat-um,
448 2741 701 2792 Thessaliae
743 2754 1034 2812 tyrannorum
1081 2742 1375 2792 familiaritate
1414 2759 1543 2790 usum
1579 2739 1642 2789 le-
