1826 3080
886 115 999 150 XLVI

274 237 383 284 XII.
453 240 645 296 Θρῆνοι,
685 236 752 283 Fr.
791 235 1187 284 XLVI—LVII.
1414 271 1416 274 ψ
1458 269 1462 279 .
1521 260 1525 274 ε

273 316 408 364 XIII.
475 315 704 374 Ἐλεγεῖαι,
742 315 811 362 Fr.
846 314 1325 364 LVIII—LXVIII.
1387 340 1515 365 μ,

273 396 371 443 XV.
439 394 774 454 Ἐπιγράμματα.
819 392 1289 460 (Ἀποσχεδιασμαυα.)
1339 393 1578 445 CXLVIII
1605 422 1675 434 —··

541 474 798 521 CCXXXI.

336 554 654 602 Distribuimus
689 564 832 601 autem
867 553 1060 601 carmina
1096 552 1234 621 lyrica
1268 553 1358 602 fere
1393 553 1451 602 ad
1470 553 1674 605 Pindari-

204 652 354 682 corum
400 634 643 681 carminum
689 632 913 690 ordinem,
971 651 1108 698 quum
1153 633 1554 682 Grammaticorum
1591 631 1676 683 de·-

202 713 482 778 scriptionem
518 711 659 777 qualis
695 712 825 760 fuerit
858 711 1123 776 ignoremus.
1399 709 1403 711 ⁵

338 792 422 838 IX.
491 791 743 840 Simonides
797 791 908 839 Ceus
959 790 1016 838 ab
1068 790 1242 838 Ioanne·
1278 790 1577 840 Grammatico
1628 790 1677 840 in

201 871 306 919 Aldi
351 873 474 919 Hort.
517 872 664 920 Adon.
701 872 730 919 f.
767 873 890 927 243,
933 871 985 918 Β.
1034 882 1284 935 accensetur
1325 870 1378 918 iis
1411 870 1552 936 poetis
1584 870 1677 938 Ly-

202 951 316 1009 ricis‚
351 951 427 1016 qui
463 950 647 999 dialecto
681 951 749 999 usi
784 950 945 998 Dorica
977 950 1212 998 Dorienses
1246 939 1422 998 natione
1455 969 1547 999 non
1582 950 1677 998 fue-

202 1030 311 1077 rint:
350 1049 453 1078 nam
490 1031 602 1079 Ceus
639 1030 817 1078 colonos
852 1042 1076 1096 acceperat
1110 1030 1250 1077 Iones.
1294 1029 1386 1077 Nos
1422 1047 1533 1095 quae
1563 1029 1676 1077 Her-

202 1128 391 1157 mannus
429 1109 617 1175 Opuscc.
655 1110 698 1167 I,
735 1129 777 1175 p.
814 1109 924 1157 247.
961 1108 1015 1157 de
1050 1109 1244 1156 Pindaro
1279 1108 1522 1175 praecepit:
1568 1108 1678 1157 »Est

201 1188 385 1236 Pindari
430 1189 639 1236 dialectus
687 1189 844 1254 Epica,
902 1187 979 1236 sed
1034 1187 1223 1236 colorem
1267 1187 1434 1237 habens
1475 1188 1676 1246 Doricae,

175 1264 424 1316 'interdum
476 1269 604 1316 etiam
652 1267 855 1315 Aeolicae
901 1267 1129 1331 linguae‚«
1177 1267 1271 1332 jure
1304 1279 1456 1316 nostro
1489 1267 1677 1316 transfe-

201 1348 340 1396 rimus
381 1348 426 1395 in
473 1346 747 1394 Simonidem
792 1346 1024 1413 Lyricum:
1076 1365 1181 1394 nam
1234 1346 1289 1394 de
1335 1346 1677 1413 Epigrammatis

203 1426 478 1475 commodior
518 1427 631 1474 infra
679 1427 758 1474 erit
800 1425 974 1473 dicendi
1010 1424 1143 1473 locus.
1218 1427 1372 1492 Neque
1405 1425 1527 1474 aliud
1560 1425 1678 1489 dice·

201 1507 309 1554 bant
343 1505 406 1553 illi
442 1506 731 1554 Grammatici
766 1517 948 1561 veteres,
985 1505 1060 1569 qui
1096 1503 1327 1552 dialectum
1364 1504 1472 1570 ejus,
1505 1504 1562 1554 de
1589 1523 1678 1571 qua

202 1585 398 1633 libellum
434 1584 818 1651 edideratTrypho
849 1582 1174 1631 Alexandrinus
1207 1595 1313 1632 teste
1347 1583 1508 1642 saida,
1549 1602 1679 1651 pror-

202 1684 276 1713 sus
311 1665 506 1729 ignorari
543 1664 760 1721 dixerunt,
794 1684 831 1713 v.
866 1662 1214 1711 Grammaticum
1250 1675 1351 1729 post
1383 1663 1568 1728 Gregor.
1591 1663 1679 1712 Co·

201 1743 333 1791 rinth.
381 1762 424 1808 p.
471 1745 580 1791 635.
629 1742 848 1791 Schaefer.
916 1742 1186 1808 Quanquam
1222 1742 1495 1802 Simonides,
1540 1761 1677 1809 quum

200 1822 350 1870 Ionica
395 1822 523 1870 fuerit
564 1821 707 1869 insula
759 1822 973 1870 oriundus
1025 1821 1232 1888 idemque
1283 1822 1359 1870 diu
1402 1821 1679 1888 multumque

202 1913 397 1977 versatus
431 1900 617 1948 Athenis
651 1901 829 1959 Atticis,
874 1901 1134 1959 modestius,
1177 1901 1355 1968 opinor,
1402 1918 1536 1967 quam
1571 1901 1678 1949 Pin-

203 1981 337 2028 darus
373 1980 634 2046 recipiendis
679 1980 833 2029 formis
868 1967 1040 2029 Doricis
1086 1980 1365 2047 splendorem
1409 1980 1596 2028 orationi
1638 1991 1680 2028 et

202 2060 457 2125 gravitatem
493 2059 763 2107 conciliabat.
843 2059 988 2108 Veluti
1034 2060 1080 2107 in
1124 2059 1272 2127 lyricis
1307 2058 1576 2107 carminibus
1610 2058 1679 2107 bis

180 2139 337 2187 'verbo
372 2143 542 2197 δίζημαι
584 2139 720 2186 utitur
765 2139 948 2188 Ionibus
986 2138 1205 2205 peculiari.
1288 2138 1354 2187 lta
1390 2137 1680 2207 Bacchylides

205 2219 251 2265 in
295 2217 531 2265 levioribus
576 2218 822 2283 carminum
866 2218 1123 2282 generibus,
1165 2229 1214 2265 ut
1255 2217 1542 2277 innEroticis‚
1586 2217 1681 2264 Do-

203 2298 387 2346 rismum
423 2297 677 2362 repudiasse
713 2297 895 2355 videtur,
930 2317 967 2344 v.
1005 2299 1099 2345 Frr.
1135 2296 1302 2345 XXIII.
1334 2298 1472 2345 XXV.
1493 2294 1680 2344 XXVII.

205 2377 442 2425 Dorismus
478 2377 613 2439 igitur
647 2377 890 2425 Simonidis
937 2377 1136 2441 angustis
1171 2377 1526 2443 circumscriptus
1552 2375 1679 2424 'limi-

203 2455 345 2503 tibus:
397 2455 724 2519 angustioribus
761 2456 1113 2522 circumscriptus
1149 2474 1174 2503 a
1208 2455 1422 2515 librariis,
1467 2455 1555 2523 qui
1584 2472 1680 2504 sae-

137 2555 139 2557 ·
203 2535 381 2599 pissime
416 2534 618 2599 vulgares
664 2536 827 2585 formas
872 2536 1042 2601 sibique
1086 2535 1278 2584 notiores
1314 2533 1680 2585 reconditioribus

202 2626 243 2660 et
286 2614 341 2661 ab
386 2614 581 2679 ipsorum
629 2635 710 2663 usu
756 2616 932 2663 remotis
973 2615 1299 2664 substituerint:
1354 2631 1467 2681 quae
1500 2611 1678 2679 quidem

203 2691 259 2738 ad
294 2692 552 2743 Pindaricas
588 2693 704 2757 leges
740 2694 1074 2743 reformavimus
1109 2694 1272 2752 omnia,
1307 2710 1458 2760 quum,
1493 2691 1601 2758 quid
1635 2692 1681 2739 in
