1826 3080
899 143 999 205 226

209 275 297 325 Ἠν
344 277 369 324 ὁ
420 283 678 332 Παυσανίας
718 276 938 335 ἐρώμενος
980 274 1145 332 αὐτοῦ,
1197 272 1231 339 ᾧ
1281 275 1336 335 δή
1376 281 1450 324 καὶ
1492 277 1547 326 τοὶ
1591 282 1689 339 περὶ

220 358 398 417 φύσεως
431 356 808 418 προςπεφεόνηκεν
844 352 1007 410 οὕτως·

283 441 538 492 Παυσανία,
576 433 632 482 σύ
666 435 712 480 δὲ
750 437 906 491 κλῦθι,
942 439 1191 494 δαΐφρονος
1221 434 1428 493 Ἀγχίτου
1461 439 1541 482 υἱε.

219 517 332 565 Hinc
368 517 448 565 erit
482 516 557 581 qui
593 515 880 580 Epigramma
910 512 1169 580 Empedocli
1206 504 1358 579 quavis
1390 514 1560 562 ratione
1594 515 1686 564 vin-

217 595 340 644 dicet.
410 597 561 660 Neque
596 612 697 642 vero
732 594 928 658 ineptum
965 605 1028 641 est
1062 604 1274 650 statuere,
1308 593 1596 659 Epigramma
1630 593 1687 642 ab

217 674 443 722 Simonide
484 674 695 739 scriptum
737 672 845 720 falsa
890 672 1222 721 ratiocinatione
1268 671 1453 720 relatum
1487 672 1547 721 ad
1579 673 1687 722 Em-

217 751 440 819 pedoclem
486 771 578 800 esse
623 751 679 798 ab
721 752 795 809 iis,
841 753 915 818 qui
951 751 1196 799 Pausaniae
1230 763 1272 799 et
1306 751 1594 818 Empedoclis.
1615 752 1687 801 fd—

216 833 503 881 miliaritatem
553 830 900 880 recordarentur.
969 832 1057 879 Res
1100 830 1236 894 igitur
1274 830 1321 878 in
1355 831 1526 880 incerto
1556 830 1683 881 relin-

214 913 400 978 quenda.
1055 930 1058 933 ⁴
1444 910 1446 912 ’
1519 932 1522 934 ’
1579 951 1581 953 .

345 994 488 1040 Versu
524 992 565 1038 1.
600 993 862 1047 Παυσανίην
896 987 1048 1049 ἰητρὸν
1082 989 1237 1055 vulgo:
1283 994 1560 1037 Παυσανίαν
1578 989 1687 1048 PaL.

213 1069 364 1130 ἰατρόν
405 1069 664 1118 Brunckius.
741 1068 999 1127 Ἐπεόνυμος
1044 1081 1225 1134 propter
1273 1087 1435 1118 nomen
1481 1069 1619 1136 ipsius
1640 1070 1642 1073 ’
1661 1089 1686 1117 a

213 1170 274 1197 vv.
323 1148 480 1196 παύειν
527 1147 661 1195 ἀνίαν
712 1148 917 1205 ductum,
969 1159 1017 1195 ut
1070 1147 1211 1213 placet
1263 1160 1439 1214 poetae,
1494 1161 1683 1197 vocatur.

210 1229 417 1287 Ἀγχίτεω
466 1227 590 1275 libri:
635 1226 846 1286 Ἀγχίτου
891 1226 1152 1274 Brunckius.
1287 1230 1331 1274 2.
1377 1227 1492 1274 Φῶτ’
1535 1225 1683 1274 ’Ama

210 1308 454 1371 Diogenes,
503 1306 623 1372 quod
671 1326 719 1354 ex
767 1325 893 1354 versu
930 1317 1086 1372 quarto
1121 1325 1172 1354 eo
1207 1304 1466 1353 translatum
1500 1305 1682 1354 videtur.

214 1385 385 1434 {bidem
431 1388 592 1446 ἔθρεψε
639 1387 753 1432 Γέλα
793 1385 950 1450 Diog.;
1010 1387 1151 1439 ἔθαψε
1197 1387 1331 1439 πέλας
1375 1384 1494 1442 Pal.‚
1545 1387 1686 1439 ἔθαψε

211 1465 333 1519 κόνις
365 1464 487 1512 Plan.
594 1469 636 1512 3.
673 1469 903 1520 πλείστους
934 1465 1024 1512 Pal.
1060 1464 1184 1512 Plan.
1242 1466 1358 1512 Tum
1394 1471 1621 1525 κρυεραῐσι
1643 1484 1684 1524 μ

211 1543 300 1591 ὑπό
335 1543 520 1600 νούσοις
553 1544 645 1592 Pal.
681 1545 803 1592 Plan.
869 1546 1078 1592 Nostrum
1114 1545 1347 1607 Diogenes.
1413 1543 1503 1592 cfr.
1538 1544 1685 1593 Simo-

212 1624 325 1671 nidis
361 1623 482 1688 Eleg.
520 1625 590 1671 Fr.
627 1625 728 1679 LX,
767 1623 842 1670 10.
910 1621 1017 1670 Οὐδ’
1064 1622 1192 1682 ὑγιής
1233 1620 1341 1670 ὅταν
1381 1618 1436 1684 ᾖ,
1482 1623 1683 1684 φροντίδ’

210 1706 294 1760 ἔχει
337 1702 545 1760 καμάτου.
599 1702 799 1769 Denique
833 1702 876 1749 4.
926 1702 1215 1762 Φερσεφόνης
1255 1702 1346 1750 Pal.
1391 1703 1522 1768 Diog.
1573 1711 1684 1763 Περ-

209 1781 402 1841 σεφόνας
435 1781 498 1828 ΡΙ.

923 1931 966 1965 V.

341 2019 576 2085 Appendix
614 2020 749 2075 Anth.
787 2018 879 2066 Pal.
918 2022 992 2068 77.
1048 2023 1396 2078 Σιμωνίδου·

310 2103 464 2156 Δῆμος
497 2097 760 2156 Ἀθηναίων
796 2100 865 2154 σὲ,
901 2097 1194 2156 Νεοπτόλεμ’,
1233 2098 1372 2145 εἰκόνι
1402 2102 1504 2158 τῇδε

409 2175 546 2235 τίμησ’
584 2175 761 2234 εὐνοίης
795 2176 994 2236 εὖσεβίης
1027 2176 1071 2222 θ’
1107 2179 1245 2223 ἕνεκα.

209 2256 436 2302 Servatum
491 2257 534 2302 in
583 2257 736 2321 primis
787 2256 1086 2304 Palatinarum
1143 2255 1501 2303 membranarum
1555 2254 1679 2302 foliis.

196 2334 440 2400 ‘Recentius
475 2346 647 2399 tempus
682 2354 749 2382 res
785 2336 893 2401 ipsa,
929 2335 997 2383 eui
1032 2335 1242 2400 scriptum
1273 2347 1349 2392 est,
1384 2334 1553 2382 clamat.
1602 2333 1681 2380 Ni·-

208 2416 368 2462 mirum
406 2426 504 2480 post
539 2414 833 2462 Harmodium
871 2427 912 2463 et
935 2414 1279 2478 Aristogitonem
1311 2414 1504 2480 primu-m
1535 2411 1679 2459 Cono-

208 2514 306 2541 nem
343 2506 482 2541 statua
519 2494 782 2542 honoratum
818 2514 910 2543 esse
945 2494 1001 2541 ab
1037 2493 1380 2542 Atheniensibus
1422 2490 1679 2557 accepimus.

213 2573 437 2622 Praeterea
463 2573 703 2620 Simonidis
741 2587 935 2640 tempore
969 2593 1058 2620 non
1093 2574 1153 2620 ita
1189 2573 1346 2638 abjecti
1381 2571 1440 2619 ad
1464 2568 1679 2619 adulatio-

210 2671 306 2698 nem
336 2652 562 2699 hominum
582 2653 716 2699 animi
743 2653 932 2710 suerunt,
966 2664 1014 2700 ut
1042 2652 1268 2700 mortalem
1298 2651 1498 2710 εὐσεβίης
1519 2647 1682 2698 scilicet

209 2733 345 2795 gratia
383 2743 523 2780 statua
560 2731 825 2780 decorarent.
899 2734 1101 2781 Romana
1137 2746 1332 2799 tempora
1366 2728 1492 2796 sapit.
