1826 3080
862 129 958 175 100

169 264 372 328 Namque
405 260 458 308 τοὶ
492 266 653 321 πίτυρα
687 262 732 309 in
764 260 1135 309 incantationibus
1160 262 1502 328 usurpabantur‚
1536 282 1648 330 quae

169 341 378 407 quoniam
416 341 662 389 tremebant
695 341 740 388 in
775 341 922 406 ignem
960 340 1131 405 injecta,
1167 360 1192 389 a
1217 363 1253 390 v.
1282 347 1535 404 καρκαίρειν
1569 347 1666 411 ap?

122 485 132 497 .
168 420 448 487 pellationem
484 421 647 469 habere
682 431 895 486 poterant.
968 420 1170 487 Daphnis
1204 422 1390 472 Theocr.
1425 421 1556 491 Idyll.
1590 423 1646 480 Π,

169 503 246 549 33.
299 503 399 547 Νῦν
433 504 561 546 θυσῶ
596 497 649 545 τοὶ
683 504 856 559 πίτυρα.
909 499 1135 549 Demosth.
1155 519 1238 567 pro
1259 501 1358 549 Cor.
1393 520 1436 568 p.
1457 502 1568 551 31&
1591 502 1646 554 R.

171 578 263 640 Τήν
309 580 447 626 νύκτα
490 583 706 638 νεβρίζων
747 582 819 626 καὶ
863 583 1139 639 κρατηρίζων
1172 582 1245 626 καὶ
1278 585 1513 642 καθαίρων
1541 579 1649 636 τούς

166 660 459 721 τελουμένους
498 661 570 705 καὶ
617 656 884 718 ἀπομάττων
927 662 989 722 τῷ
1032 663 1158 722 πηλῷ
1202 662 1275 706 καὶ
1307 667 1401 715 τοῖς
1432 659 1645 721 πιτύροις.

168 738 257 786 Sed
301 738 546 786 incedimus
588 756 670 803 per
710 738 835 802 ignes
880 739 1207 805 verendumque
1250 751 1314 788 est
1353 758 1410 789 ne
1442 739 1649 789 labamur

167 837 217 864 eo
253 817 417 881 magis,
455 836 543 883 quo
578 817 727 882 plures
761 818 1058 867 emendaturis
1093 821 1164 867 Fr.
1200 819 1322 886 prius
1354 819 1450 869 viae
1483 831 1645 887 patent.

164 897 221 943 Et
243 896 477 962 Emperius
513 897 690 962 quidem
728 910 876 946 noster
908 898 996 947 leni
1031 898 1202 947 medela
1237 899 1384 948 sensui
1410 899 1645 964 fragmenti

163 976 379 1024 succurrit
422 976 530 1026 hac:
590 981 734 1024 Τοῦτο
779 976 864 1038 γαρ
908 978 1092 1037 μάλιστα
1145 977 1239 1038 φήρ
1284 981 1431 1038 ἔστυγε
1471 979 1557 1042 (ita
1602 992 1645 1029 et

163 1055 402 1119 Bergkius)
437 1055 570 1115 πύϊρ,
615 1057 656 1103 h.
695 1076 727 1104 e.
774 1059 878 1105 Hoc
921 1060 1050 1106 enim
1089 1060 1308 1107 ntaxc'me
1343 1060 1502 1107 hestia
1529 1078 1642 1125 per-

163 1133 501 1201 horrescebat,
538 1138 718 1199 ignem.
789 1139 856 1186 De
891 1138 1016 1186 leone
1050 1139 1233 1187 forsitan
1269 1139 1395 1187 dicta.

829 1287 980 1322 LXXX·

297 1374 442 1423 Schol.
479 1374 607 1422 Pind.
651 1376 779 1443 Pyth.
815 1377 905 1434 IV,
946 1378 1059 1424 253.
1106 1375 1204 1440 (ubi
1239 1335 1640 1440 Argonautas&-

162 1472 282 1501 mum
308 1467 568 1503 revertentes
595 1455 821 1522 appellunt
844 1457 1027 1512 Lemno,
1063 1456 1174 1502 ἔνθα
1198 1457 1272 1502 καὶ
1292 1459 1434 1514 γυίων
1459 1450 1642 1512 ’ἀέθλοις

163 1531 430 1589 ἁπεὸείξαντ’
468 1534 602 1593 ἀγῶν’
638 1538 828 1590 ἐσθᾶτος
861 1533 1031 1595 ἀμφίς.)
1080 1537 1167 1580 Καὶ
1201 1531 1322 1594 παρα
1354 1538 1639 1596 Σιμωνίδῃ

162 1614 279 1659 ἐστὶν
312 1612 341 1672 ἡ
377 1618 570 1673 ἱστορία,
618 1611 686 1660 ὅτι
731 1617 831 1675 περὶ
876 1616 1067 1672 ἐσθῆτος
1099 1611 1377 1671 ἠγωνίσαντο
1416 1620 1464 1663 οἱ
1491 1614 1640 1675 Ἀργο-

159 1697 325 1738 ναῦται.

293 1771 543 1820 Simonides
588 1772 857 1837 Argonautis
901 1772 958 1820 ad
1005 1771 1139 1820 vellus
1186 1770 1472 1838 repetendum
1512 1771 1637 1820 navi-

158 1851 373 1915 gantibus.
401 1864 618 1900 certamen
654 1852 764 1900 illud
800 1851 1046 1900 institutum
1083 1851 1252 1900 fecerat.
1316 1851 1504 1900 Novavit
1535 1869 1636 1900 cum

158 1931 353 1980 Pindaro
376 1931 590 1999 Myrsilus
608 1932 794 1981 Lesbius
813 1932 859 1979 in
882 1930 1044 1979 Scholl.
1063 1930 1148 1997 Ap.
1169 1930 1301 1987 Rh.1‚
1325 1931 1434 1979 615.
1459 1947 1635 1979 omnem

158 2023 423 2060 vetustarum
443 2012 691 2060 fabularum
710 2011 959 2075 rubiginem
979 2010 1229 2074 abstergere
1240 2008 1404 2058 solitus.
1431 2009 1636 2058 Ceterum

159 2112 195 2138 v.
226 2091 453 2140 VVelcker.
477 2091 642 2156 Trilog.
664 2111 706 2157 p.
733 2091 844 2138 313.
877 2102 917 2139 et
942 2090 1019 2138 cfr.
1042 2091 1207 2158 Hymn.
1231 2089 1326 2137 F1r.
1353 2090 1534 2136 XXXV.
1561 2088 1638 2136 VI.

805 2238 979 2273 LXXXV.

291 2327 452 2376 Scholl.
500 2328 651 2394 Eurip.
695 2329 812 2377 Med.
849 2329 926 2375 20.
973 2326 1039 2374 cll.
1089 2328 1162 2374 10.
1218 2322 1319 2374 “On
1352 2327 1401 2372 δὲ
1436 2306 1638 2384 nal-essa-

159 2413 356 2455 σίλευσεν
402 2406 429 2466 ἦ
475 2407 649 2466 Μήὸεια
699 2412 956 2467 Κορίνθου,
1013 2409 1270 2462 ἱστοροῦσιν
1313 2401 1523 2464 Εὔμηλος
1563 2405 1636 2451 καὶ

158 2492 500 2547 Σιμωνίδης,
536 2489 676 2544 λέγων
712 2485 878 2541 οὕτως·

342 2567 405 2616 “0
439 2566 475 2613 o’
511 2565 610 2613 ἵκετ’
644 2571 707 2621 εἰς
740 2566 996 2627 Κόρινθον,
1033 2563 1090 2610 οὐ
1127 2569 1392 2623 Μαγνησίαν

358 2644 475 2702 ναῖ’,
512 2643 682 2704 ἀλόχου
718 2648 763 2692 δὲ
800 2648 1020 2704 Κολχίδος
1055 2643 1279 2702 συνάορος

358 2726 540 2784 Θρᾶνου
577 2730 769 2783 Λεχαίου
803 2724 838 2771 τ’
875 2722 1047 2771 ἄνασσε.
