1826 3080
847 161 923 197 LIII

160 295 224 334 et·'-
223 283 383 352 Epigr.
404 283 532 341 CCV,
566 285 608 331 7.
658 283 734 332 Ob
768 283 1002 332 modorum
1028 283 1280 350 gravitatem
1307 295 1349 331 et
1374 283 1420 331 in
1453 302 1624 332 summa

161 361 614 451 sstetemperantiam,
646 363 784 429 ipsius
813 362 983 412 Musica
1019 360 1044 409 ὁ
1075 360 1259 424 ἀρχαῖος
1282 361 1451 423 τρόπος
1476 376 1627 430 postea

157 452 338 491 vocatus
378 453 482 500 est
506 461 545 490 v.
583 440 699 491 Plut.
734 443 847 491 Mus.
885 443 991 490 XX
1059 441 1428 511 Hyporchematis
1459 441 1627 491 Molos-

158 531 258 570 dum
292 520 541 601 quoddam
560 521 921 580 instrumentum,
971 520 1093 587 quod
1134 521 1262 588 quale
1296 522 1471 571 suerit
1459 541 1626 571 incom-

158 611 334 668 pet-tum
411 611 430 649 t
557 599 744 657 onabat,
778 620 815 648 v.
890 620 924 648 r.
960 601 1002 648 Η
1067 600 1184 650 orch.
1210 601 1385 649 ’.ΧῙᾸῙ

183 699 188 709 ·
217 684 262 708 ”’
292 614 411 728 Il?
438 618 773 728 bewffimoni‘ie
806 599 1184 729 εοξιιιιιεῃῖξτίοε
1183 679 1381 729 ediderat
1414 679 1627 730 Chamae-

159 757 261 808 leon
293 756 563 816 Heracleota,
596 777 708 826 quos
743 757 957 808 Athenaei
989 758 1202 808 beneficio
1237 759 1556 825 cognoscimus,
1590 779 1626 805 v.

159 831 235 895 X,
252 836 443 914 117456,
477 837 539 894 G,
574 837 711 895 XIII,
744 856 786 904 p.
823 838 934 897 611,
968 839 1035 896 A,
1071 838 1196 896 XIV,
1233 857 1275 904 p
1310 839 1424 894 656,
1458 837 1505 885 C.
1563 836 1629 885 Ex

158 887 341 982 quibus!
350 917 678 965 commentariis
712 916 921 984 pleraque
953 915 1159 966 videntur
1191 916 1367 965 fluxisse
1392 916 1458 965 vel
1494 917 1630 966 facete

158 992 283 1043 dieta
302 992 374 1043 ubl
406 996 625 1062 sapienter
657 1009 909 1063 praecepta,
955 1015 1086 1064 quae
1113 996 1172 1045 ad
1214 1008 1410 1045 nostram
1447 985 1629 1045 aetatem

156 1085 458 1140 pervenerunt.
521 1073 780 1130 “Ί“ποθέσεις
811 1080 875 1131 εἰς
905 1081 1164 1136 Σιμωνίδην
1197 1075 1443 1124 confecerat
1475 1074 1630 1123 Palae-

155 1149 317 1219 phatus
337 1152 583 1221 Aegyptius
598 1154 666 1203 vel
687 1155 965 1205 Atheniensis
986 1154 1326 1213 Grammaticus,
1360 1154 1522 1203 Suidas
1540 1172 1573 1202 s.
1591 1173 1628 1200 v.

156 1234 455 1292 Παλιιίφατος.
507 1233 763 1283 Recentiore
797 1246 934 1283 aetate
969 1235 1024 1283 de
1058 1235 1143 1283 vita
1181 1246 1222 1283 et
1258 1232 1526 1282 carminibus
1560 1233 1630 1280 Si-

156 1310 350 1360 monidis
384 1312 629 1378 complures
655 1326 959 1380 exposuerunt,
995 1315 1108 1363 inter
1130 1332 1241 1381 quos
1271 1333 1371 1362 cum
1395 1312 1525 1361 laude
1549 1331 1630 1359 no-

157 1389 356 1440 minandi
391 1390 664 1439 Venerabilis
701 1392 949 1441 Fridericus
985 1393 1226 1450 Iacobsius,
1261 1404 1301 1441 et
1335 1391 1422 1440 alio
1452 1391 1630 1439 nomine

158 1468 219 1534 de*
247 1468 476 1517 Simonide
498 1469 732 1535 vpraeclare
763 1472 965 1529 meritus,
1010 1484 1051 1520 et
1086 1473 1139 1520 G.
1176 1472 1224 1519 E.
1260 1470 1519 1528 Weber-us,
1555 1470 1629 1535 qui

156 1547 205 1595 in
236 1547 434 1596 versione
466 1547 770 1613 Elegiacorum
804 1562 1031 1615 poetarum
1065 1568 1109 1617 p.
1141 1552 1322 1599 607-
1342 1552 1451 1598 612.
1488 1549 1630 1616 capita

157 1643 304 1675 rerum
351 1626 603 1694 complexus
644 1641 718 1677 est.
794 1628 1063 1678 Peculiarem
1110 1629 1456 1678 dissertationem
1493 1628 1631 1676 edidit

156 1707 259 1753 Van·
291 1704 440 1754 Go‘ens
475 1707 686 1764 Batavus,
728 1707 917 1773 Traiecti
965 1708 1022 1756 ad
1058 1707 1262 1757 Rhenum
1303 1708 1442 1755 1768.
1524 1707 1630 1754 Post

156 1783 285 1835 hunc*
308 1784 678 1852 BoissyGallus,
711 1786 848 1836 Paris.
890 1788 1044 1845 1755.,
1087 1787 1244 1835 iterum
1285 1787 1426 1836 1788.
1506 1785 1629 1833 Illius

156 1861 351 1912 libellum
388 1863 607 1912 consului:
643 1863 824 1913 alterum
862 1884 951 1914 non
986 1866 1087 1914 vidi.
1146 1867 1246 1914 Non
1273 1865 1627 1914 sustinui·autem

154 1940 429 2007 exagitandis
447 1943 640 1991 virorum
659 1943 889 1993 doctorum
909 1945 1144 2004 erroribus,
1170 1946 1247 2011 qui
1263 1957 1365 1994 sunt
1386 1934 1478 1992 non
1498 1945 1625 2011 pauci

154 2021 272 2088 iique
305 2022 549 2088 gravissimi
585 2024 827 2080 commissi,
871 2023 1095 2088 quandam
1138 2023 1368 2088 gloriolam
1404 2023 1625 2090 aucupari.

156 2099 212 2149 Et
247 2101 356 2167 'quid
389 2101 580 2166 juvabat,
614 2120 684 2150 res
717 2102 753 2150 si
788 2120 875 2168 qua
909 2101 1092 2169 simplex
1126 2102 1340 2167 agebatur
1365 2114 1406 2150 et
1436 2120 1487 2150 ex
1512 2114 1625 2150 vete-

155 2174 279 2227 ribus
295 2181 600 2238 monumenfi,
622 2199 734 2247 quae
757 2181 911 2247 cuique
938 2192 1099 2247 patent,
1119 2181 1223 2230 satis
1253 2193 1428 2238 asserta,
1449 2180 1624 2229 illorum

154 2258 318 2325 ubique
331 2259 628 2307 auctoritatem
639 2259 943 2326 interponere?
959 2262 1173 2310 Neutrum
1184 2262 1454 2311 fructuosum
1474 2261 1624 2311 suerat.

289 2337 545 2386 Carminum
568 2338 923 2388 Simonideorum
951 2339 1215 2406 Fragmenta
1241 2353 1340 2407 post
1368 2340 1624 2389 Neandrum

152 2427 194 2464 et
216 2415 506 2482 Stephanum,
539 2435 668 2483 quem
705 2419 873 2485 repetiit
900 2418 1053 2467 Aemil.
1090 2419 1263 2477 Portus,
1301 2419 1478 2468 Fulvius
1499 2419 1624 2467 Ursi-

151 2511 237 2545 nus
255 2494 508 2560 diligentins
529 2496 713 2561 collegit,
747 2497 966 2547 interdum
997 2498 1214 2547 honorum
1240 2498 1440 2547 codicum
1465 2497 1625 2547 auxilio

156 2573 344 2639 adjutus.
393 2575 498 2625 Post
530 2577 700 2643 potiora
735 2578 985 2644 complexus
1022 2588 1085 2626 est
1117 2578 1366 2626 Brunckius
1401 2578 1444 2625 in
1480 2575 1622 2625 Anall.

155 2653 267 2702 vett.
302 2654 438 2702 Poctt.
475 2655 744 2704 Graecorum
780 2657 830 2704 Τ.
870 2658 901 2704 l.
947 2677 986 2723 p.
1028 2657 1122 2705 120
1147 2658 1360 2711 -147.‚
1404 2656 1624 2723 sapienter

153 2728 223 2779 ille
244 2731 288 2780 in
314 2731 454 2781 fronte
487 2732 743 2794 admonens,
764 2754 851 2784 non
886 2735 1014 2784 unius
1037 2735 1357 2803 Leoprepidae,
1391 2734 1469 2782 scd
1494 2735 1621 2783 etiam
