1826 3080
921 124 1020 170 206

243 260 423 307 tortasse
457 269 548 306 tum
586 255 913 323 explanabitur,
948 273 1084 320 quum
1122 253 1270 320 quales
1306 255 1593 306 fuerintludi
1627 258 1703 307 de—

241 349 484 386 monstrare
535 335 772 398 contigerit.
856 333 956 382 Fuit
1004 346 1176 391 tamen,
1222 353 1361 400 quum
1394 339 1564 398 κραναᾷ
1598 337 1704 386 scri-

241 415 434 466 bendum
472 414 810 479 conjiciebamus
846 411 912 460 cll.
946 412 1091 461 Strab.
1126 412 1256 472 VIII,
1288 432 1330 479 p.
1363 415 1475 463 205.
1509 415 1704 464 Tauchn.

243 499 534 555 Περικλείεται
580 490 768 551 ὄρεσιν
813 490 1058 550 ὑψηλοῖς
1099 494 1226 552 μέχρι
1272 491 1387 554 πρός
1425 491 1508 552 τήν
1549 492 1707 540 θάλατ-

239 593 342 630 ταν,
406 571 502 619 ὥστ’
558 568 724 630 ἐρυμνή
772 570 1105 617 κατεσκεύασται
1160 574 1362 629 φυσικῶς
1415 569 1706 630 πανταχόθεν.

242 653 534 702 Phliasiorum
569 650 698 698 ludos
734 648 911 697 aliunde
944 668 1035 697 non
1068 650 1282 698 novimus.

902 797 1055 833 CCXIV.

378 887 553 937 Anthol.
589 886 712 934 Plan.
748 886 825 933 24.
861 886 1029 934 Iacobs.
1079 891 1421 945 Σιμωνίδου·

311 974 524 1020 Μίλωνος
557 965 645 1012 τόδ’
683 963 853 1023 ἄγαλμα
885 970 1026 1011 καλοῦ
1060 964 1220 1022 καλόν,
1257 966 1308 1020 ὃς
1342 969 1444 1013 ποτὶ
1474 971 1591 1027 Πίσῃ

409 1045 561 1092 ἑπτάκι
592 1043 774 1102 νικήσας
807 1047 852 1098 ἐς
883 1042 1029 1102 γόνατ’
1066 1042 1150 1090 οὐκ
1185 1046 1349 1091 ἔπεσεν.

242 1128 309 1175 De
344 1124 523 1173 Milonis
560 1123 836 1171 Crotoniatae
870 1122 1060 1170 victoriis
1098 1135 1248 1171 narrat
1278 1124 1408 1171 Paus.
1443 1124 1520 1181 VI,
1558 1122 1632 1181 14,
1665 1127 1709 1171 2.

243 1206 472 1264 Ἐγένοντο
507 1206 567 1265 τῷ
604 1206 784 1248 Μίλωνι
823 1205 879 1257 ἓξ
913 1202 1010 1260 μὲν
1044 1202 1102 1246 ἐν
1135 1201 1401 1263 Ὀλυμπίᾳ
1433 1200 1605 1260 πάλης
1635 1208 1711 1248 νῖ-

244 1303 353 1339 και,
389 1287 464 1340 μία
499 1285 548 1328 ἐν
583 1283 732 1327 παισὶν
767 1282 812 1336 ἐξ
849 1278 1019 1326 αὐτῶν
1070 1287 1227 1326 Πυθοῖ
1258 1282 1305 1327 δὲ
1338 1283 1388 1327 ἕν
1421 1298 1466 1326 τε
1499 1277 1712 1340 ἀνδράσιν

241 1366 289 1418 ἓξ
321 1364 394 1408 καὶ
427 1352 503 1419 μία
537 1362 734 1406 ἐνταῦθα
768 1361 818 1405 ἐν
853 1363 1013 1405 παισίν.
1089 1356 1292 1417 Ἀφίκετο
1336 1359 1384 1404 δὲ
1409 1360 1490 1410 ,καὶ
1521 1359 1713 1418 ἕβδομον

243 1444 474 1487 παλαίσων
519 1441 564 1493 ἐς
605 1437 871 1497 Ὀλυμπίαν·
919 1434 1029 1484 ἄλλα
1073 1434 1157 1497 γαρ
1201 1435 1285 1484 οὐκ
1327 1439 1498 1496 ἐγένετο
1543 1436 1640 1492 οἷός
1667 1454 1714 1485 τε

245 1526 560 1567 καταπαλαῖσαι
585 1521 852 1583 Τιμασίθεον
877 1520 1063 1574 πολίτην
1086 1534 1131 1561 τε
1167 1512 1275 1562 ὅντα
1309 1514 1429 1580 αὐτῷ
1465 1519 1539 1563 καὶ
1568 1514 1715 1579 ἡλικίᾳ

244 1602 360 1646 νέον.
431 1597 581 1645 Sexies
616 1596 768 1643 vicisse
805 1594 1017 1662 Olympia
1054 1595 1268 1642 consentit
1301 1594 1519 1643 Eusebius
1551 1594 1712 1645 Chron.

245 1679 302 1726 ad
338 1676 410 1724 Ol.
445 1675 630 1723 LXXII.
685 1673 773 1720 cfr.
808 1672 1010 1736 Prolegg.
1047 1692 1088 1738 p.
1125 1674 1286 1720 XXIX.

377 1758 517 1802 Versu
558 1755 596 1800 1.
655 1750 815 1815 Vulgo'
838 1748 889 1805 ὅς
922 1769 1050 1797 ποτε
1084 1755 1214 1812 Πίσῃ.
1284 1755 1451 1800 Verum
1494 1752 1714 1803 Pindarus

244 1847 284 1882 et
328 1831 578 1880 Simonides
621 1830 812 1896 primam
857 1830 975 1878 vocis
1023 1829 1149 1879 Pisae
1195 1831 1511 1897 corripiebant,
1562 1851 1599 1880 v.
1643 1833 1715 1881 Fr.

247 1913 335 1959 Inc.
376 1910 560 1958 XCVII.
639 1908 786 1956 Aliam
837 1920 885 1956 ut
929 1909 1141 1957 rationem
1192 1923 1320 1976 poeta
1365 1911 1478 1959 Ceus
1519 1910 1566 1958 in
1607 1910 1715 1976 Epi-

245 2001 488 2053 grammate
524 1988 647 2054 sequi
681 1988 893 2054 potuerit,
940 1987 1122 2037 alterum
1157 1989 1324 2038 accedit
1356 2002 1397 2038 et
1430 1989 1478 2038 id
1512 1988 1717 2053 gravissi-

247 2087 368 2117 mum
405 2066 676 2133 corruptelae
721 2067 931 2115 indicium
967 2067 1071 2126 hoc,
1121 2068 1242 2134 quod
1275 2068 1406 2126 Milo,
1451 2067 1527 2133 qui
1559 2067 1717 2134 septies

248 2147 460 2215 Olympia
503 2146 695 2204 vicisset,
735 2166 827 2194 non
870 2148 977 2193 ποτὲ
1020 2148 1177 2213 septies
1221 2148 1372 2196 vicisse
1417 2147 1503 2195 dici
1537 2158 1718 2213 poterat.

250 2226 306 2273 ld
340 2227 402 2275 sic
437 2225 616 2273 demum
653 2225 739 2273 dici
773 2237 966 2291 poterat,
999 2227 1036 2274 si
1072 2225 1224 2274 eadem
1261 2226 1530 2295 Olympiade
1553 2238 1719 2293 septem

251 2304 483 2354 rettulisset
526 2304 738 2353 victorias.
808 2304 956 2368 Quam
1004 2304 1062 2352 ob
1099 2324 1298 2354 caussam
1336 2308 1436 2353 ποτὶ
1467 2310 1584 2366 Πίσῃ
1617 2305 1719 2355 ned*-

251 2384 444 2432 didimus
486 2395 661 2449 poetae,
712 2395 759 2431 ut
809 2383 927 2431 rivus
969 2383 1091 2432 Pises
1148 2384 1385 2452 Olympiae
1436 2384 1602 2433 vicium
1628 2383 1719 2431 -in-

252 2463 479 2530 telligatur.
558 2462 768 2511 Similiter
822 2462 1116 2528 Xenophanes
1165 2463 1284 2529 Eleg.
1334 2482 1409 2530 ap.
1462 2463 1619 2512 Athen.
1665 2463 1719 2519 Χ,

252 2563 291 2608 p.
329 2543 450 2599 414,
484 2541 536 2589 A.

550 2617 652 2677 Παρ
686 2624 831 2667 Πίσαο
868 2623 978 2680 ῥοῇς
1011 2622 1059 2666 ἐν
1092 2618 1321 2679 Ὀλυμπίῃ.

256 2699 376 2745 Idem
414 2718 454 2762 p.
493 2698 615 2754 414,
651 2697 696 2744 C.
