1826 3080
801 107 937 143 XXXV

134 228 292 281 euim
322 228 624 297 impugnabat·
702 229 978 297 Leoprepida
1011 229 1127 280 enim
1140 266 1153 287 ,
1200 230 1276 296 qui
1321 249 1442 279 »non
1479 244 1607 298 poeta

133 306 278 362 edm
329 308 499 367 suavis,
549 326 699 357 verum
760 309 891 358 etiam
934 310 981 362 in
1030 307 1372 377 philosophandi
1428 311 1607 360 scientia

133 404 268 455 «pun
303 386 459 438 doctus
491 387 752 454 sapiensque
787 388 1032 447 traditur«,
1080 389 1214 438 verBa
1249 400 1348 438 sunt
1384 389 1607 439 Ciceronis

133 465 192 518 de
220 466 321 516 Nat.
352 467 485 518 Deor.
522 466 558 525 Ι,
592 470 686 524 22,
720 466 819 516 illos
853 468 1065 527 homines,
1099 469 1175 535 qui
1209 468 1386 536 Septem
1421 469 1607 536 Sapien-

130 554 225 597 tnm
260 546 440 597 noniine
472 545 768 613 appellantur,
804 558 853 595 ut
886 547 1211 606 aemulabatur,
1243 548 1305 596 ita
1337 567 1384 598 se
1418 548 1475 597 ab
1508 547 1607 597 illo-

129 643 265 675 mm
279 625 400 686 :vinci
447 625 702 675 aucton’tate
743 644 872 691 aegre
921 626 1101 676 ferebat.
1180 627 1384 692 Quorum
1426 628 1606 695 quidem

129 705 345 773 ”Pintia
384 716 436 754 ut
475 705 534 753 ad
575 705 846 773 respublicas
892 706 1115 771 regundas
1149 706 1608 774 administrandasque

130 788 242 851 (qm
275 783 332 834 de
366 797 626 850 argumento
662 785 856 852 disputat
891 785 1141 834 Simonides
1177 805 1274 834 cum
1312 787 1504 835 Hierone
1517 788 1606 836 Xe·

128 862 384 932 nophonteo
417 864 622 931 idemque
666 866 736 914 Fr.
771 866 861 914 lnc.
898 866 1010 913 CIX.
1047 876 1193 932 aperte
1226 865 1477 932 profitetur:
1519 863 1609 913 Πό-

125 948 198 1002 λις
224 940 368 1005 ἄνδρα
401 943 627 1007 διδάσκει.)
673 956 714 993 et
758 945 816 993 ad
858 944 1160 994 emendandos
1201 963 1346 994 mores
1386 946 1608 1011 vitamque

125 1020 252 1073 beate
302 1021 522 1089 agendam
569 1023 843 1073 referebatur
893 1024 1243 1090 quummaxime:
1292 1024 1352 1072 ita
1405 1025 1607 1072 universa

127 1100 204 1151 cei
236 1113 392 1169 poetae
424 1102 704 1171 philosophia
746 1103 794 1152 id
826 1103 1075 1170 spectabat,
1117 1122 1205 1170 quo
1248 1103 1334 1151 vita
1375 1102 1606 1153 hominum

123 1178 295 1231 beatior
329 1178 530 1231 evaderet
563 1194 605 1232 et
638 1183 695 1231 ab
731 1184 867 1232 animi
906 1175 1180 1249 aegritudine
1214 1182 1435 1231 remotior.
1469 1183 1606 1231 Nam-

123 1277 209 1328 que
242 1260 303 1310 ita
338 1260 428 1310 fere
462 1274 591 1328 poeta
624 1263 875 1311 ratiocinari
909 1263 1043 1312 solet:
1110 1263 1270 1311 »Vita
1307 1262 1493 1310 brevis
1529 1273 1607 1311 est

123 1352 178 1389 et
219 1359 578 1390 aerumnosa:
630 1341 1035 1405 indulgendum
1082 1341 1263 1405 igitur
1304 1342 1496 1405 genio,
1543 1359 1607 1390 ne

124 1437 292 1487 rapax
352 1419 539 1468 Orcus
596 1437 751 1467 usum
799 1438 984 1467 rerum
1043 1419 1396 1485 intercipiat:
1455 1420 1607 1478 vino,

128 1517 246 1566 quo
295 1498 367 1547 ad
423 1498 615 1566 poesin
674 1498 1101 1547 exstimulamur
1165 1499 1268 1563 (Fr.
1323 1500 1412 1548 Inc.
1471 1500 1608 1563 CIL),

122 1575 396 1627 eluendae
442 1577 730 1627 mordaces
777 1597 964 1627 curae:
1012 1577 1154 1626 nihil
1197 1579 1306 1627 vita
1358 1590 1441 1627 est
1487 1580 1607 1628 sine

121 1656 481 1723 jucunditate
515 1669 565 1707 et
596 1657 928 1724 voluptate«
996 1658 1161 1724 Estque
1196 1657 1307 1706 illud
1341 1659 1491 1706 animo
1526 1659 1606 1707 ho-

120 1735 291 1785 minum
334 1748 491 1799 natura
534 1738 740 1796 insitum,
784 1749 832 1786 ut
876 1749 918 1786 et
960 1737 1072 1786 vitae
1115 1736 1336 1786 molestias
1371 1747 1607 1804 rerumque

120 1813 414 1865 humanarum
451 1816 731 1882 fragilitatem
767 1817 1008 1866 identidem
1054 1816 1233 1882 lugeant
1267 1816 1489 1882 iidemque
1524 1818 1605 1865 ho·

119 1908 216 1945 ram
268 1896 541 1963 praecipiant
592 1896 860 1963 carpendam
917 1914 1051 1962 quam
1111 1895 1343 1944 minimum
1403 1895 1606 1945 credulos

121 1974 357 2041 proximae.
393 1974 502 2024 Illuc
538 1994 587 2023 ea
622 1975 898 2032 reseruntur,
945 1993 1058 2040 quae
1102 1975 1148 2023 in
1184 1975 1350 2023 threnis
1385 1974 1605 2041 elegisque

121 2050 259 2119 spirat
289 2052 566 2103 mollissime:
601 2054 708 2103 haec
743 2066 974 2120 praecepta
1010 2066 1050 2103 et
1086 2054 1131 2102 in
1155 2054 1303 2122 lyricis
1335 2054 1605 2103 carminibus

121 2130 410 2197 frequentavit
446 2144 488 2182 et
522 2134 567 2182 in
603 2133 778 2198 Elegiis.
828 2132 975 2183 Veluti
1009 2134 1120 2183 vitae
1156 2133 1411 2183 brevitatem
1448 2146 1491 2183 et
1525 2153 1603 2183 an·
1638 2148 1645 2158 ·

120 2211 286 2276 gustias
323 2211 442 2277 luget
475 2213 570 2260 Frr.
590 2213 752 2262 Thren.
787 2214 858 2262 LI.
894 2213 1009 2261 LIV.
1044 2213 1199 2261 XLVI.
1223 2213 1318 2261 VII.
1355 2213 1475 2279 Eleg.
1497 2214 1605 2271 LX,

119 2288 383 2340 hilaritatem
415 2302 457 2339 et
489 2291 608 2356 jocos
633 2292 916 2341 commendat
940 2291 1184 2358 Epin.xl.‚
1214 2293 1309 2341 Frr.
1334 2293 1425 2342 Inc.
1449 2293 1602 2341 CXVI.

119 2370 260 2418 XVII.
276 2371 436 2419 XVIII.
455 2370 576 2437 Eleg.
603 2373 694 2421 LX.
733 2371 858 2421 Idem
890 2371 946 2420 ab
968 2370 1271 2421 reconditioris
1298 2372 1603 2440 philosophiae

120 2450 467 2516 perscrutatione
510 2451 797 2500 abhorrebat:
854 2452 961 2518 quin
1003 2470 1056 2500 eo
1097 2451 1464 2518 progrediebatur
1506 2470 1602 2501 mo·

120 2526 306 2586 destiae,
353 2541 400 2578 ut
445 2531 635 2581 Hierone
672 2530 800 2598 quale
843 2542 953 2580 esset
985 2548 1208 2580 summum
1245 2550 1409 2581 numen
1444 2531 1602 2598 repeti·

120 2607 176 2658 ὑ
218 2608 388 2658 vicibus
434 2610 678 2660 sciscitante
721 2610 776 2660 de
821 2611 936 2676 justo
983 2628 1196 2678 responso
1239 2611 1515 2678 desperaret,
1561 2630 1599 2661 v.

121 2705 256 2752 supra
290 2705 332 2754 p.
371 2690 486 2736 XXI.

1268 2771 1333 2814 53*
