1826 3080
929 110 1031 158 234

386 246 492 294 114.
530 243 599 292 Fr.
619 244 707 292 cx.
777 243 1048 293 welckems
1082 245 1127 292 in
1162 246 1232 294 Fr.
1258 247 1312 293 x.
1349 259 1504 312 poetae
1519 232 1711 299 'iambici

246 329 352 376 haec
387 326 476 374 sere
510 323 704 372 disserit:
761 322 1091 373 »Antiatticista
1124 325 1170 373 111
1204 325 1389 374 Bekkeri
1422 327 1620 377 Aneedd.
1667 348 1710 395 p.

249 407 367 463 105,
401 409 444 454 3.
504 403 737 463 Κορδύλη,
778 401 830 450 τό
875 406 1059 464 ἔπαρμα.
1120 410 1374 465 Σιμωνίδης
1417 409 1468 453 ἐν
1509 408 1707 471 δευτέρῳ.

242 484 524 550 Significatur
557 482 859 549 proverbium,
904 484 1029 550 cujus
1063 485 1135 534 hic
1175 505 1303 534 verus
1337 505 1431 534 esse
1465 485 1649 534 videtur.
1667 499 1711 536 et

241 564 457 630 genuinus
500 581 673 620 sensus,
728 574 770 610 et
808 562 1004 624 κορδύλη
1047 565 1131 612 fuit
1171 565 1362 613 nominis
1404 565 1572 624 forma,
1621 584 1710 632 qua

239 663 343 692 usus
377 654 440 690 est
472 653 622 707 poeta,
667 660 804 707 quum
850 641 996 690 Attica
1041 643 1096 691 sit
1138 643 1331 703 κόρυδος
1372 655 1412 692 01
1447 644 1708 704 κορυδαλός,

237 743 273 770 v.
310 722 474 790 Phryn.
522 739 563 787 p.
601 721 711 769 338.
761 720 841 784 [At
882 722 919 769 is
962 721 1154 782 κόρυδος
1195 741 1333 771 unum
1379 722 1571 790 probum
1614 742 1708 774 0550

237 814 388 850 auctor
429 812 517 857 est,
558 800 826 859 κορυδαλὸς,
875 800 948 866 qui
993 812 1086 849 erat
1127 801 1277 850 titulus
1323 802 1576 852 comoediae
1615 803 1706 852 Eu*—

234 881 348 938 buli,
390 879 526 945 rejicit
569 891 742 927 secutus
784 879 1126 945 Aristophanem
1161 881 1551 950 Grammaticum]
1598 882 1705 932 Plu-

233 959 410 1008 tarchus
445 958 605 1024 aliique
639 958 685 1005 in
722 958 913 1006 aviculae
948 959 1096 1023 galero
1131 962 1222 1008 non
1258 960 1412 1020 decus,
1446 961 1524 1011 sed
1558 981 1706 1012 excre-

231 1039 438 1087 scentiam
484 1048 751 1102 spectantes,
797 1037 1038 1087 Simonidis
1083 1038 1248 1087 dictum
1293 1053 1571 1107 pervertunt,
1623 1061 1705 1090 no-

232 1119 362 1166 minis
414 1128 557 1164 autem
609 1116 754 1164 forma
796 1128 981 1164 utuntur
1022 1117 1203 1182 vulgari.
1249 1149 1318 1156 —
1390 1119 1703 1185 Imperfectum

229 1203 344 1258 χρῆν
388 1196 461 1262 [id
505 1193 626 1261 apud
667 1214 806 1243 unum
841 1194 1127 1245 Plutarchum
1173 1197 1219 1244 in
1263 1198 1348 1246 vita
1392 1198 1551 1247 Timol.
1594 1198 1702 1264 legi-

229 1291 301 1326 tur
313 1277 350 1342 3]
388 1287 438 1323 ut
470 1274 693 1323 sententiis
727 1275 1109 1324 accommodatum
1144 1276 1300 1324 merito
1327 1277 1520 1342 praefert
1538 1277 1702 1326 Schne-

228 1359 357 1406 ferus.
425 1353 699 1413 Ἐγγίνεσθαι
732 1373 823 1402 11011
858 1373 950 1403 0550
985 1354 1249 1413 Simonidis,
1297 1367 1463 1404 certum
1497 1368 1584 1415 est;
1638 1357 1703 1415 ἐγ-

226 1439 430 1497 γενέσθαι
474 1435 509 1482 si
557 1433 614 1481 ab
658 1432 733 1480 illo
777 1433 989 1499 scriptum
1025 1446 1109 1492 est,
1158 1433 1318 1482 excidit
1351 1434 1472 1483 aliud
1505 1435 1700 1484 verbum.

228 1517 379 1565 Fuisse
413 1513 604 1562 videtur:

694 1592 858 1652 πάσῃσι
890 1593 1131 1654 κορδύλῃσι
1162 1595 1278 1654 χρῆν

426 1672 575 1731 λόφον
611 1670 831 1735 [καρήατ’]
867 1673 1163 1730 ἐγγενέσθαι.«

225 1756 448 1802 Hactenus
482 1751 548 1799 vir
590 1750 756 1798 doctus.
795 1779 855 1786 —
922 1750 995 1799 Nil
1030 1769 1132 1799 vero
1168 1750 1223 1798 de
1257 1750 1490 1816 proverbio
1525 1751 1697 1800 Antiat-

226 1834 388 1881 ticista:
435 1842 549 1878 recte
595 1829 667 1878 ille
710 1830 909 1889 κορύδην
949 1849 1123 1886 vocem,
1172 1830 1242 1877 cui
1276 1830 1386 1878 nihil
1419 1849 1519 1878 cum
1555 1850 1593 1877 v.
1627 1829 1700 1878 26-

225 1917 360 1973 ρυδος
392 1910 458 1957 vel
493 1906 742 1968 κορυδαλός
775 1922 837 1957 051
871 1910 1048 1974 negotii,
1084 1908 1304 1974 explicans
1324 1911 1525 1972 ἔπαρμα,
1560 1909 1697 1975 siqui-

224 1992 325 2039 dem
370 1990 427 2037 ita
475 1986 752 2053 appellantur
798 1989 969 2046 omnia,
1014 2007 1126 2054 quae
1169 1987 1427 2036 attolluntur
1465 1989 1511 2035 in
1547 1986 1695 2036 altum.

226 2070 412 2137 Hesych.
457 2066 673 2126 κορδύλη·
729 2066 924 2127 κορύνη,
978 2067 1196 2126 ῥόπαλον·
1251 2063 1279 2125 ἢ
1323 2064 1374 2113 td
1419 2066 1571 2113 ἐπάνω
1618 2071 1697 2126 τῆς

223 2151 448 2201 κασσίδος·
493 2143 520 2203 ἢ
566 2148 844 2206 πανοῦργος,·
891 2166 928 2193 v.
975 2146 1120 2212 Intpp.
1163 2146 1205 2194 h.
1241 2144 1267 2192 l.
1324 2146 1519 2194 Tantum
1562 2146 1697 2211 igitur

222 2228 345 2275 abest
379 2238 426 2273 ut
461 2224 665 2271 alaudam
702 2225 904 2273 cassitam
939 2238 1076 2283 sonet,
1110 2237 1159 2273 ut
1192 2225 1338 2291 ipsum
1374 2225 1523 2284 λόφον
1557 2225 1696 2290 signi-

223 2308 351 2355 ficare
387 2304 596 2371 potuerit:
645 2323 796 2352 eorum
841 2305 977 2369 igitur
1022 2324 1133 2370 quae
1167 2303 1439 2352 Welckerus
1476 2303 1695 2352 Simonidi

224 2384 497 2452 impertiebat
545 2384 650 2430 haec
700 2396 949 2432 nasceretur
992 2385 1226 2432 sententia:
1282 2382 1489 2431 omnibus
1536 2382 1696 2442 λόφοις

223 2466 352 2518 debet
393 2463 538 2521 λόφος
578 2463 737 2510 inesse!
790 2465 1018 2511 Praeterea
1063 2482 1149 2528 qua
1185 2463 1352 2510 ratione
1387 2462 1521 2510 homo
1556 2481 1692 2510 vanus

222 2559 261 2593 et
306 2543 521 2611 superbus
569 2543 651 2590 isto
700 2543 931 2607 proverbio
985 2543 1126 2590 notari
1171 2543 1359 2608 potuerit
1406 2561 1496 2590 non
1543 2541 1692 2607 capio:

219 2626 357 2688 surgit
412 2623 528 2671 enim
572 2634 731 2670 natura
784 2621 928 2679 λόφος
978 2622 1021 2668 111
1079 2623 1217 2688 capite
1272 2623 1551 2670 cassitamm:
1603 2639 1692 2686 quo

222 2703 398 2767 dempto
443 2722 495 2750 nc
542 2714 685 2751 essent
728 2701 905 2767 quidem
950 2702 1140 2749 cassitae.
1222 2701 1447 2765 Significat
1493 2717 1598 2764 ergo
1645 2699 1692 2747 id
