1826 3080
911 127 978 174 62

212 262 369 319 ἔχοντα
403 266 594 307 καλεῖται
635 261 866 315 δάκτυλοι,
913 256 1111 318 ἰαμβική,
1169 258 1502 319 Μολοσσική,
1536 262 1690 321 ἐμμέ-

211 347 348 396 λεια,
408 340 573 399 κόρδαξ
587 376 597 395 ,
665 344 847 393 σίκιννις
893 336 1090 399 Περσική
1103 375 1114 394 ,
1172 338 1370 398 Φρύγιος
1414 338 1687 400 νεβατισμός,

211 419 405 482 Θρᾴκιος
439 415 748 478 καλαβρισμὸς,
784 417 996 472 τελεσιοὲς·
1029 414 1317 476 Μακεδονική
1352 417 1389 463 δ’
1422 419 1542 465 ἐστὶν
1576 416 1687 479 αὕτη

209 496 398 559 ὄρχησις.
1488 503 1492 511 ’

343 575 615 624 Addendum
650 575 698 623 in
732 574 833 632 fine,
867 576 1017 624 omnia
1051 575 1160 623 haee
1183 573 1581 644 hyporchematum
1601 576 1690 626 fra-

210 657 358 722 gmina
395 675 420 703 a
456 655 727 703 Schneidero
757 654 1004 703 Pindaricis
1038 654 1214 712 inserta,
1250 653 1591 719 (Boissonadius
1623 654 1692 704 ul*-

209 737 363 784 timum
401 734 697 799 fragmentum
732 733 1042 803 Bacchylideis
1075 733 1273 795 intulit;)
1308 733 1398 798 jam
1425 733 1713 783 aBoeckhio.

208 834 288 864 sno
346 816 512 862 auctori
564 813 762 862 restituta
813 831 927 870 esse,
986 831 1118 878 quem
1173 813 1272 861 vide
1315 813 1373 860 ad
1415 814 1511 863 Frr.
1562 813 1691 864 Pina.

208 914 248 961 p.
286 895 384 942 596
418 912 512 959 sqq.

884 1064 1012 1111 XII.

735 1171 1159 1212 ΘΡΗΝΟΙ.

343 1291 395 1337 In
429 1289 569 1355 poetis
605 1287 777 1356 lyricis,
825 1289 901 1354 qui
935 1289 1125 1337 Threnis
1170 1288 1488 1355 componendis
1528 1308 1691 1340 nomen

208 1369 356 1436 adepti
389 1380 514 1426 sunt,
550 1367 773 1416 Pindarus
807 1367 1022 1416 excellunt
1049 1379 1098 1416 ‘et
1131 1367 1397 1417 Simonides.
1472 1369 1694 1436 Georgius

207 1448 431 1498 Galesiota
457 1446 673 1496 Monodia
707 1447 753 1494 in
789 1446 1333 1495 Theodorum-Callistum
1357 1448 1694 1516 Xanthopulum

207 1528 330 1596 apud
363 1528 497 1576 Leon.
534 1525 747 1575 Allatium
793 1545 833 1592 p.
878 1527 991 1573 210.
1059 1524 1192 1573 ’Λλλοὲ
1225 1531 1486 1587 Σιμωνίδην
1521 1531 1694 1577 ἐκεῖνον

206 1611 280 1655 καὶ
313 1611 544 1666 Πίνδαρον
591 1607 717 1664 κοινῇ
766 1607 1172 1663 μεταποιουμένους
1215 1610 1307 1652 τῶν
1351 1607 1541 1668 θρήνων
1585 1607 1693 1655 πάν-

205 1707 293 1742 τως
324 1705 367 1732 τι
398 1688 488 1731 τῶν
524 1681 670 1730 ὄντων
699 1681 863 1729 ἁνύσαι
890 1681 1008 1729 τοῦτ’
1037 1685 1168 1744 ἔργον
1191 1688 1527 1744 πεποιημένους.
1561 1685 1691 1751 Quo·

207 1785 308 1815 rum
360 1777 508 1814 tamen
561 1762 761 1811 carmina
803 1779 894 1810 nnn
948 1759 1106 1828 Exiguo
1160 1764 1412 1814 discrimine
1458 1764 1695 1834 intersepta

208 1846 342 1895 fuisse
376 1856 484 1911 puta
517 1855 560 1891 et
593 1841 770 1899 eodem,
817 1860 906 1907 quo
940 1843 1143 1892 universa
1177 1845 1338 1910 poesis,
1357 1846 1585 1913 utriusque
1618 1865 1694 1895 va-

207 1927 262 1974 tis
296 1925 342 1973 in
377 1943 459 1972 suo
494 1941 652 1988 genere
686 1921 850 1970 summi
885 1920 1088 1971 distabat.
1135 1926 1342 1973 Veterum
1379 1926 1694 1991 magistrorum

208 2005 292 2052 hac
327 2003 381 2051 de
417 2021 463 2051 re
498 2001 731 2050 arbitrium
766 2002 1029 2067 propagavit
1063 2003 1306 2072 Dionysius
1337 2005 1560 2054 Halicarn.
1580 2007 1719 2062 vett,

209 2083 324 2131 Scrr.
359 2081 504 2130 Judic.
551 2081 621 2139 II,
664 2082 706 2130 6.
783 2085 1046 2140 Σιμωνίδου
1093 2082 1335 2143 παρατήρει
1373 2081 1456 2143 τήν
1506 2081 1696 2144 ἐκλογῆν

206 2165 298 2209 τῶν
334 2160 591 2220 ὀνομάτων,
635 2164 714 2220 τῆς
748 2162 1002 2215 συνθέσεως
1033 2158 1114 2219 τήν
1149 2160 1399 2223 ἀκρίβειαν·
1449 2161 1566 2223 πρὸς
1595 2162 1695 2211 τοῦ-

207 2260 320 2298 τοις,
365 2240 466 2287 καθ’
503 2240 528 2286 ὃ
562 2245 747 2299 βελτίων
780 2239 1026 2301 εὑρίσκεται
1066 2244 1139 2287 καὶ
1171 2239 1432 2302 Πινδάρου,
1475 2240 1531 2291 τδ
1567 2246 1696 2291 οἰκτί-

207 2326 360 2376 ζεσθαι
404 2317 463 2378 μή
509 2323 873 2379 μεγαλοπρεπῶς,
919 2317 981 2373 ὥς
1024 2321 1215 2375 ἐκεῖνος,
1270 2319 1383 2368 omo?
1428 2316 1694 2382 παθητικῶς.

208 2401 300 2448 Suo
335 2399 430 2464 jure
464 2404 778 2460 μεγαλοφωνίᾳ
822 2410 1045 2466 praestare
1089 2399 1360 2468 Aeschylum
1409 2401 1471 2451 ait
1502 2400 1695 2451 Basilius

208 2481 400 2544 Magnus
436 2479 572 2545 Epist.
610 2481 722 2527 379.
790 2483 1052 2539 Σιμωνίδου
1089 2476 1230 2535 ὅντως
1261 2477 1290 2539 ἤ
1328 2498 1459 2535 τινος
1481 2478 1693 2527 τοιούτου

208 2562 450 2617 μελοποιοῦ
487 2557 693 2617 δεόμεθα,
730 2560 927 2618 ἐναργῶς
960 2557 1130 2613 εἰδότος
1163 2558 1456 2615 ἐπιστενάζείν
1487 2565 1582 2614 τοῖς
1613 2558 1695 2607 πά-

207 2645 316 2684 θεσι.
377 2642 533 2685 Καίτοι
573 2641 626 2683 τί
663 2638 797 2696 λέγω
834 2642 1182 2697 Σιμωνίδην,·
1230 2640 1364 2685 δέον
1397 2636 1695 2697 Αἰσχύλον
1780 2645 1787 2650 “

208 2721 391 2762 εἰπεῖν
434 2715 461 2775 ἢ
509 2722 546 2763 εἰ
589 2716 643 2775 δή
686 2736 749 2771 τις
797 2720 950 2786 ἕτερος.
980 2721 1299 2779 παραπλησίως
1331 2718 1485 2779 ἐκείνῳ
1521 2731 1692 2777 συμφο-
