1826 3080
861 118 944 154 vm

165 240 363 302 αὐλητήν
394 246 675 302 Βακχυλίδην
712 245 774 296 εἰς
804 238 1006 300 τοῦνομα
1034 243 1237 297 κατέταξε
1271 244 1364 287 τῶν
1396 240 1637 300 dommim.

168 322 344 386 Quibus
386 323 597 389 reputatis
639 341 730 370 non
770 319 1064 387 improbabile
1094 319 1169 379 fit,
1220 319 1406 387 Opuntii
1439 318 1642 369 istium-et

167 401 244 450 Cei
294 401 483 450 familias
523 399 896 469 Bacchylidarum
947 398 1207 465 cognatione
1261 398 1456 466 quadam
1505 397 1641 449 fn’ns'e

166 480 420 545 constrictas
455 480 717 546 easdemque
760 491 802 527 et
844 478 966 546 apud
1000 477 1223 544 Opuntius
1263 490 1411 544 patres
1445 489 1488 526 et
1520 476 1641 544 apud

166 558 345 607 colonos
380 559 491 608 Ceos
538 578 637 608 cum
679 558 814 607 sacris
855 557 1045 625 publicis
1079 556 1347 622 conjunctas.
1421 557 1538 606 Nam
1571 556 1643 622 jun

165 637 212 685 in
254 638 390 686 sacris
433 650 547 686 artes
587 638 778 687 musicas
822 636 1051 686 exercendi
1094 637 1229 685 fuisse
1261 635 1484 685 interdum
1516 635 1644 685 here-

167 715 374 765 ditarium
419 729 584 766 certum
628 729 713 775 est,
755 729 805 766 ut
837 716 1082 765 Pindarum
1125 715 1305 781 ejusque
1352 714 1564 764 familiam
1597 714 1644 764 in

166 795 286 843 festis
330 795 598 861 quibusdam
644 797 915 844 Boeotorum
959 789 1198 844 hereditate
1241 806 1417 861 accepto
1463 812 1645 843 munere

166 892 290 921 sacro
339 874 539 923 functum
580 875 756 924 scimus.
840 875 915 923 Cei
962 887 1108 923 autem
1153 894 1246 923 non
1291 874 1384 923 sola
1418 891 1646 922 sacrorum

166 952 475 1001 communione
510 972 611 1002 cum
644 954 940 1002 Locrensibus
974 954 1261 1013 tenebantur,
1307 953 1387 1003 sed
1427 972 1509 1002 nec
1551 951 1647 1002 aliis

166 1030 212 1077 in
248 1031 381 1079 rebus
414 1032 559 1080 studia
592 1045 827 1099 parentum
868 1032 924 1081 ab
958 1032 1059 1081 filiis
1094 1032 1339 1082 abalienata
1374 1033 1508 1082 fuisse
1543 1031 1648 1082 inde

167 1107 412 1173 colligitur,
455 1110 578 1176 quod
619 1113 860 1160 Locrenses
905 1112 1092 1178 Opuntii
1133 1112 1181 1160 in
1222 1131 1373 1178 pugna
1410 1111 1649 1160 Artemisia

167 1188 354 1237 navibus
389 1189 715 1239 auxiliabantur
749 1191 860 1248 Ceis,
894 1202 1000 1239 teste
1035 1190 1262 1239 Herodoto
1283 1192 1406 1249 VIII,
1434 1191 1475 1239 1.
1511 1190 1650 1255 Quid,

169 1267 291 1332 quod
325 1268 515 1333 priscam
549 1270 794 1318 Locrorum
837 1289 937 1318 cum
973 1270 1071 1318 Ceis
1105 1270 1470 1319 necessitudinem
1502 1281 1651 1336 poste-

167 1345 228 1393 ris
278 1348 552 1412 temporibus
593 1349 801 1397 transisse
843 1349 891 1396 iu
933 1347 1116 1397 Aetolos
1161 1361 1204 1397 et
1244 1349 1540 1415 Naupactios,
1581 1375 1652 1397 —-.—-

167 1425 397 1491 Naupacto
431 1428 577 1476 autem
613 1428 726 1476 Ceus
760 1429 890 1477 heros
924 1429 1091 1476 Locros
1124 1428 1173 1476 in
1206 1427 1397 1476 insulam
1431 1427 1569 1494 ipsius
1602 1428 1652 1477 in

167 1503 380 1552 honorem
417 1506 679 1572 appellatam
718 1507 892 1555 duxisse
925 1507 1172 1564 ferebatur,
1205 1506 1320 1556 filius
1353 1507 1574 1573 Apollinis
1609 1519 1654 1556 et

168 1583 404 1649 Nymphae
444 1584 730 1633 Rhodoessae
772 1615 862 1643 -‚
907 1586 1111 1634 evincunt
1154 1585 1267 1634 tituli
1314 1583 1436 1653 apud
1480 1587 1652 1636 Boeck-

169 1661 292 1710 hium
329 1663 459 1729 Corp.
495 1664 654 1712 Inscrr.
691 1683 756 1712 nr.
791 1668 938 1713 2350.
974 1667 1122 1715 2351.

303 1741 387 1788 ΙΙΙ.
467 1742 587 1790 Vixit
630 1743 880 1792 Simonides
921 1744 1106 1792 Athenis
1152 1764 1251 1792 cum
1287 1745 1544 1811 Hipparcho
1579 1757 1651 1815 ty-

171 1837 312 1867 ranno
348 1819 529 1887 Olymp.
563 1823 736 1880 LXIII,
777 1828 821 1871 2.
871 1823 1153 1891 tyrannidem
1197 1823 1370 1890 adepto.
1451 1823 1543 1888 Qui
1586 1826 1651 1874 uti

172 1898 494 1948 Anacreontem
530 1901 647 1970 Teo,
683 1902 742 1950 ita
779 1903 914 1950 Ceum
949 1915 1124 1969 poetam
1159 1903 1301 1969 patria
1334 1902 1478 1952 insula
1512 1904 1572 1953 ad
1604 1923 1652 1954 se

172 1977 374 2026 invitasse
407 1979 592 2037 videtur,
627 1999 757 2046 quem
776 1982 1039 2050 Hieronymi
1063 1982 1331 2030 Chronicum
1352 1982 1443 2047 jam
1468 1983 1650 2052 Olymp.

171 2057 262 2103 Lx.
298 2075 397 2106 cum
420 2058 662 2126 Phocylide
697 2072 737 2108 et
766 2061 1040 2128 Xenophane
1073 2060 1241 2109 clarum
1276 2061 1475 2111 habitum
1510 2082 1653 2112 anno-

175 2135 288 2183 tavit⁴
358 2137 640 2202 Hipparchus
674 2151 875 2204 poetam,
917 2159 1048 2205 quem
1085 2160 1109 2189 a
1144 2141 1278 2190 latere
1311 2161 1392 2190 suo
1428 2141 1653 2192 discedere

173 2213 328 2272 nollet,
362 2216 607 2280 magnificis
640 2219 897 2268 muneribus
932 2220 1165 2286 pascebat,
1199 2232 1245 2269 ut
1282 2221 1342 2270 ait
1375 2221 1503 2271 Plato
1538 2222 1653 2290 Hip-

176 2294 323 2357 parch.
369 2313 412 2360 p.
458 2296 580 2353 228,
627 2297 673 2344 C.
760 2303 1021 2359 Σιμωνίδην
1063 2298 1144 2347 τόν
1187 2307 1325 2348 Κεῖον
1369 2304 1471 2362 περὶ
1510 2299 1653 2350 arida

175 2372 242 2418 αἐὶ
274 2372 385 2431 εἶχε,
428 2373 632 2433 μεγάλοις
673 2385 849 2433 μισθοῖς
890 2381 963 2425 καὶ
997 2378 1158 2439 δώροις
1190 2385 1386 2428 πείθων·
1431 2385 1569 2428 ταῦτα
1601 2381 1653 2428 δὲ

175 2453 313 2498 ἐποίει
345 2453 622 2512 βουλόμενος
652 2461 824 2503 πείθειν
856 2456 964 2512 τούς
996 2464 1190 2516 πολίτας,
1225 2464 1299 2506 ἵνα
1324 2458 1385 2515 ὥς
1413 2465 1652 2519 βελτίστων

176 2529 325 2577 αὐτῶν
359 2530 506 2579 ὄντων
540 2530 668 2594 ἄρχῃ,
704 2537 786 2583 οὐκ
821 2537 1027 2597 οἰόμενος
1060 2543 1152 2585 δεῖν
1188 2540 1337 2587 οὐδενὶ
1355 2543 1650 2599 σοφίαςφθο·

176 2616 270 2654 νεῖν
303 2607 378 2658 ἅτε
413 2609 480 2660 ὦν
512 2614 649 2669 καλός
679 2633 723 2661 τε
758 2620 830 2663 καὶ
864 2616 1055 2677 ἆγαθός;
1113 2614 1233 2667 unde
1275 2618 1460 2685 profecit
1501 2617 1647 2668 Aelia-

177 2707 259 2736 nus
294 2692 417 2737 Varr.
458 2693 563 2741 Hist.
604 2694 742 2750 VIII,
787 2699 830 2745 2.
892 2696 1146 2762 Hipparcho
1181 2697 1362 2766 Olymp.
1399 2697 1571 2754 LXVI,
1603 2701 1652 2747 3.
