1826 3080
867 89 1019 125 XXVIII

206 209 465 276 Leophrone
505 209 706 273 Rbegino
748 210 971 275 proditum
1022 210 1258 268 habemus,
1310 231 1345 258 v.
1386 212 1553 279 Epinic.
1597 214 1668 261 Fr.

206 288 369 335 XVII.:
420 306 576 354 pravos
610 288 808 336 homines
841 289 878 336 si
912 307 1003 336 non
1036 288 1320 347 collaudavit,
1363 302 1407 338 at
1441 291 1669 347 excusavit,

205 378 253 414 ut
287 366 501 432 Scopam,
536 367 731 415 Creontis
766 367 927 425 filium,
960 388 997 415 v.
1033 368 1200 434 Epinic.
1237 369 1306 416 Fr.
1342 369 1470 428 XII„
1513 389 1668 436 quam-

205 445 269 493 vis
319 444 594 493 callidissime
648 458 841 496 versatus
895 447 941 495 in
985 465 1032 495 re
1075 446 1241 495 lubrica
1290 447 1371 504 ita,
1426 459 1475 496 ut
1519 447 1670 499 laudes

205 524 392 572 molliret
426 523 808 573 admonitionibus.
886 525 1001 574 Nam
1046 525 1166 591 quod
1200 525 1260 573 ait
1293 526 1492 575 Socrates
1521 526 1669 576 Plato-

205 603 274 651 nis
307 603 482 667 Protag.
517 622 557 668 p.
597 602 715 661 346,
750 604 801 651 Β.
855 603 1096 659 Πολλάκις,
1134 604 1275 662 οἶμαι,
1311 608 1383 651 καὶ
1415 609 1670 665 Σιμωνίδης

202 680 392 740 ἡγήσατο
427 683 498 726 καὶ
532 679 668 736 αὐτός
704 680 731 741 ἢ
775 681 999 743 τύραννον
1031 680 1059 741 ἢ
1094 680 1231 728 ἄλλον
1271 681 1369 730 τινά
1402 689 1492 731 τῶν
1524 684 1670 733 τοιού-

203 778 291 806 των
325 762 549 806 ἐπαινέσαι
581 763 653 806 καὶ
686 761 947 820 ἐγκωμιάσαι
992 760 1076 820 οὐχ
1112 759 1247 818 ἑκών,
1296 760 1387 808 ἀλλ’
1432 762 1669 821 ἀναγκαζό-

201 857 342 897 μενος.
421 839 524 885 Cate
565 850 786 904 praeterea
832 841 1022 888 serviens
1066 841 1253 906 tempori
1294 840 1400 889 alias
1445 840 1569 910 aliter
1613 840 1668 889 de

201 917 353 965 eadem
387 936 433 964 re
468 917 636 975 statuit,
681 918 808 965 veluti
857 919 1091 984 perfectam
1137 920 1335 968 virtutem
1371 906 1556 968 deorum
1591 937 1666 984 ge-

200 997 293 1044 neri
329 996 591 1062 peculiarem
623 997 846 1062 praedicat
880 999 1048 1064 Epinic.
1083 1000 1153 1046 Fr.
1186 997 1288 1046 XII.
1325 997 1528 1063 idemque
1563 1015 1667 1046 ean-

201 1074 300 1122 dem
356 1075 493 1124 multo
544 1076 704 1124 sudore
758 1077 1000 1144 parabilem
1053 1077 1245 1125 affirmat
1289 1075 1547 1124 mortalibus
1593 1076 1664 1123 Fr.

199 1153 388 1200 XXXII.

329 1233 430 1279 Non
464 1231 792 1280 incommodum
829 1233 1002 1282 videtur
1035 1233 1117 1281 hoc
1150 1233 1244 1281 loco
1280 1251 1511 1298 quaerere,
1555 1251 1667 1300 quae

198 1311 470 1359 necessitudo
512 1323 683 1376 poetam
720 1312 833 1360 inter
866 1324 908 1360 et
942 1312 1190 1360 Corinthios
1224 1312 1533 1362 intercesseritz
1567 1323 1667 1379 post

196 1390 251 1438 de
285 1389 515 1446 simultate,
550 1409 683 1455 quam
718 1409 818 1438 cum
847 1390 1042 1438 Pindaro
1078 1392 1316 1440 exercuisse
1351 1391 1502 1449 fertur,
1535 1390 1672 1445 verba

194 1469 414 1516 faciemus.
493 1468 627 1517 Poeta
664 1470 775 1518 Ceus
811 1469 1048 1535 aliquando
1083 1469 1352 1518 carminibus
1385 1470 1477 1518 suis
1513 1470 1669 1518 Corin-

194 1545 307 1594 thios
342 1546 623 1604 vellicaverat,
659 1547 780 1613 quod
814 1547 852 1594 ei
888 1547 1164 1612 exprobravit
1198 1548 1511 1597 Themistocles
1546 1548 1666 1615 apud

193 1624 306 1672 Plut.
354 1624 507 1672 Them.
553 1629 605 1672 V.
675 1629 967 1684 Θεμιστοκλῆς
1010 1643 1116 1671 ποτε
1161 1623 1242 1671 τόν
1286 1631 1545 1685 Σιμωνίδην
1578 1628 1666 1673 ἐπι-

193 1701 407 1750 σκώπτων
453 1706 566 1762 ἔλεγε
611 1708 727 1750 νοῦν
772 1705 855 1751 οὐκ
902 1707 1017 1762 ἔχειν
1028 1741 1040 1760 ,
1086 1709 1364 1764 Κορινθίους
1410 1706 1491 1764 μὲν
1525 1709 1667 1752 λοιδο-

194 1786 362 1841 ρυῦντα
405 1781 596 1841 μεγάλην
639 1786 873 1837 οἰκοῦντας
916 1783 1066 1840 πόλιν,
1115 1782 1256 1830 αὑτοῦ
1300 1785 1347 1829 δὲ
1393 1782 1668 1843 ποιούμενον

192 1861 367 1915 εἰκόνας
401 1856 545 1915 οὕτως
580 1859 711 1916 ὄντος
744 1865 930 1921 αἰσχροῦ
965 1859 1046 1920 τήν
1082 1859 1200 1916 ὄψιν.
1282 1862 1491 1929 Superest
1531 1863 1665 1912 versi-

192 1938 336 1996 culus,
386 1957 473 2003 quo
509 1959 554 1988 se
589 1959 614 1987 a
650 1940 877 1989 Simonide
911 1939 1106 1989 ludibrio
1138 1940 1312 1990 habitos
1345 1960 1665 2008 conquereren-

191 2030 281 2075 tur,
316 2038 352 2065 v.
389 2019 460 2066 Fr.
499 2017 587 2065 Inc.
623 2019 781 2066 XCIV.

393 2135 673 2190 Κορινθίοισι
709 2131 746 2177 δ’
783 2130 839 2179 οὐ
873 2135 1016 2192 μανίει
1049 2130 1099 2179 τὸ
1120 2129 1275 2180 Ἴλιον.

191 2255 346 2302 Postea
381 2265 522 2301 autem
560 2265 601 2302 et
636 2255 824 2303 consiliis
858 2254 1107 2314 Adimanti,
1141 2256 1289 2306 classis
1334 2256 1661 2306 Corinthiorum

193 2333 250 2380 ad
285 2332 551 2380 Salaminem
589 2334 812 2398 praefecti,
846 2346 982 2383 totam
1018 2336 1248 2385 Graeciam
1283 2348 1496 2385 servatam
1532 2346 1662 2384 testa-

190 2424 274 2469 tur,
308 2411 458 2477 Epigr.
487 2411 643 2470 CLX,
679 2425 719 2461 et
752 2414 990 2463 Democriti
1026 2414 1352 2464 Corinthiorum
1387 2412 1662 2482 imperatorIs

190 2490 347 2539 milites
381 2489 623 2540 classiarios
657 2505 754 2558 post
788 2493 999 2560 praelium
1039 2495 1325 2544 Artemisium
1361 2512 1482 2543 arma
1514 2491 1659 2542 Medis

189 2570 382 2618 detracta
417 2563 610 2618 Latonae
654 2571 877 2622 dedicasse
920 2585 1070 2621 narrat
1111 2573 1262 2640 Epigr.
1299 2573 1449 2631 CXC,
1499 2583 1542 2621 et
1574 2572 1661 2620 Co-

190 2650 373 2698 rinthios
433 2649 490 2698 ad
543 2648 808 2700 Salaminem
871 2651 1034 2701 occisos
1089 2652 1263 2703 duobus
1317 2651 1661 2720 Epigrammatis
