1826 3080
903 125 995 171 196

222 260 406 326 tripodi,
440 279 568 326 quem
605 261 834 308 choreutae
869 258 1070 306 Bacchici
1106 260 1264 322 (σοφοὶ
1280 259 1446 323 οὶοιδοι)
1477 261 1536 310 ab
1563 260 1674 309 Aca-

220 340 412 388 mamide
455 340 568 387 tribu
615 339 704 386 dati
756 339 813 385 ob
858 338 1079 386 victoriam
1114 338 1285 402 magnis
1319 337 1545 406 Dionysiia
1574 357 1679 406 par-

219 433 310 467 tum
355 438 405 467 ex
451 438 569 466 more
616 417 837 466 aediculae
882 417 1134 483 impositum
1185 416 1243 464 ad
1293 416 1408 464 viam
1454 417 1678 484 tripodum

218 500 275 561 (v.
310 498 497 546 Boeckh.
534 498 581 544 C.
621 496 778 543 Inscrr.
801 497 835 553 L
869 497 980 543 211.
1014 514 1059 561 p.
1078 495 1210 559 342.)
1245 495 1527 546 dedicarunt*
1563 496 1679 547 Cho—

217 596 315 625 rum
360 576 566 623 docuerat
607 575 867 640 Antigenes,
909 574 1180 623 saltationem
1225 585 1267 622 et
1308 586 1484 624 cantum
1514 578 1683 638 (ylmu-

219 654 302 715 ροέν
335 653 440 717 ὅπα)
474 654 620 702 Doriis
655 655 773 702 tibiis
807 653 1062 702 moderante
1095 653 1300 702 Aristone
1333 653 1520 719 Argivo,
1556 668 1680 705 ‘suur-

215 746 315 800 ptus
347 733 583 798 praebente
618 733 888 799 Hipponico‚
937 733 1028 781 filio
1063 732 1338 791 Struthonis‚
1384 749 1496 799 quae
1529 734 1677 784 omnia

215 812 476 860 enucleatius
518 813 690 860 disserit
723 811 1096 861 Wunderlichius
1143 813 1190 860 in
1230 812 1439 878 peculiari
1473 813 1676 868 disserta—-

214 892 329 939 tione
375 892 495 957 apud
540 892 845 939 Friedemann.
893 903 934 940 et
978 891 1162 939 Seebod.
1207 892 1330 940 Misc.
1368 892 1489 942 Criu„
1523 891 1598 951 Il,
1635 893 1675 940 1.

212 990 252 1036 p.
291 972 353 1019 67
388 989 482 1036 sqq.

347 1050 443 1096 Hoc
478 1049 583 1096 dicit
615 1062 762 1115 poeta:
810 1052 964 1114 Saepe
991 1050 1102 1116 jam
1137 1050 1296 1096 tribus
1327 1047 1678 1097 Acamantidis

212 1128 263 1172 in
306 1125 468 1174 choris
510 1130 677 1174 Horae
719 1126 991 1175 Bacchicae
1034 1126 1348 1190 hederigeros
1395 1127 1468 1176 ad
1509 1126 1675 1192 dithy-

212 1207 410 1252 rambos
444 1206 811 1254 acclamarunt:
854 1208 1034 1254 taeniis
1077 1225 1183 1254 vero
1228 1224 1553 1272 rosarumque
1570 1208 1674 1273 flo-

210 1285 350 1331 ribus·
394 1286 650 1331 scientiam
705 1293 960 1332 cantorum
1018 1293 1379 1348 unguentatum
1432 1284 1674 1351 capillum

208 1372 527 1419 coronarunt,
579 1365 672 1428 qui
721 1363 848 1411 hunc
908 1364 1150 1428 tripodem
1198 1373 1492 1430 posuerunt:
1547 1364 1590 1413 h.
1637 1382 1672 1412 e.

208 1445 361 1507 Saepe
399 1443 506 1508 jam
547 1441 650 1490 dies
679 1444 813 1508 festi
848 1445 1148 1507 Dionysiaci
1187 1452 1315 1491 certo
1351 1452 1566 1508 tempore
1599 1460 1676 1490 re·-

209 1521 407 1570 deuntes
441 1519 597 1583 (Rom
620 1527 668 1568 αἱ
680 1523 971 1578 Διονυσιάδες
1004 1535 1118 1584 recte
1153 1523 1462 1589 interpretatur
1490 1522 1673 1571 Schnei-

208 1602 338 1650 dcrus
382 1604 468 1650 Vit.
522 1602 651 1649 Pind.
707 1621 749 1667 p.
795 1606 896 1658 25„
947 1602 1051 1649 scite
1093 1621 1353 1668 comparans
1400 1599 1513 1656 Διὸς
1555 1597 1675 1662 ὥρας

207 1681 334 1728 Pind.
371 1680 440 1728 Ol.
479 1681 565 1738 lV,
606 1681 644 1727 1.
681 1691 723 1727 et
755 1679 949 1739 κάρυκας
983 1679 1108 1740 (ὁρᾶν
1141 1681 1292 1728 Isthm.
1326 1681 1402 1738 II,
1439 1683 1514 1730 23.
1558 1679 1702 1747 (311111,

205 1759 395 1823 imagine
446 1760 665 1806 Horarum
729 1757 1061 1807 acclamantium
1126 1760 1453 1808 similitudinem
1507 1757 1671 1807 habent

205 1837 277 1885 illa
330 1858 366 1884 v.
417 1839 489 1885 10.
537 1835 653 1897 ἅρμα
706 1842 911 1896 Χαρίτων
966 1851 1005 1886 et
1061 1839 1211 1905 Epigr.
1264 1850 1378 1896 cen,
1419 1838 1463 1885 4.
1532 1841 1675 1892 Νίκας

206 1913 371 1974 ἀγλαόν
407 1913 548 1975 ἅρμαε
593 1916 839 1980 cujusmodi
883 1918 1149 1966 suavissimis
1182 1917 1450 1983 metaphoris
1484 1914 1670 1964 delecta-

209 2006 277 2041 tur
313 1994 567 2058 Pindarus),
603 1995 948 2043 Acamantidis
983 1997 1141 2043 tribus
1174 1994 1338 2043 choris
1368 1994 1537 2058 cycliis
1558 2011 1671 2059 per-

204 2082 541 2137 strepuerunt:
577 2076 829 2122 victoriam
858 2085 1022 2122 antem
1059 2075 1232 2140 adepti
1257 2082 1371 2122 sunt
1399 2075 1444 2120 ii
1471 2072 1668 2120 demum

199 2154 355 2216 periti
398 2162 618 2201 cantores
663 2156 820 2215 (σοφοὶ
864 2154 1055 2218 οἷοιδοί),
1117 2155 1211 2220 qui
1255 2151 1383 2200 hunc
1425 2150 1667 2216 tripodem

205 2231 508 2279 dedicarunt.
585 2234 849 2281 Admirabili
897 2247 986 2282 arte
1035 2246 1160 2300 poeta
1212 2234 1324 2280 Ceus
1366 2231 1576 2296 obnupsit
1618 2249 1667 2278 ea

206 2331 316 2377 quae
353 2311 541 2358 detracta
578 2313 767 2375 imagine
803 2313 990 2361 offensui
1027 2332 1117 2360 esse
1152 2322 1373 2377 poterant,
1415 2309 1667 2357 Acamanti-

206 2391 303 2437 dcm
342 2390 502 2437 tribum
541 2403 638 2438 autc
674 2393 786 2439 lianc
820 2393 1041 2440 victoriam
1079 2392 1239 2439 frustra
1274 2390 1473 2437 victorias
1497 2388 1666 2455 Diony—

205 2471 342 2517 siacas
385 2469 611 2517 ambiisse:
656 2490 747 2518 cam
794 2472 931 2536 ipsam
984 2471 1040 2517 ob
1087 2488 1283 2517 caussam
1326 2465 1668 2534 Epigrammatis

206 2549 466 2614 principium
513 2549 858 2612 magnificentius
905 2561 964 2597 cst
1010 2568 1090 2615 pro
1133 2548 1399 2614 reliquorum
1434 2546 1665 2613 Epigram-

207 2639 368 2675 matum
406 2627 575 2676 indole:
623 2640 660 2675 ct
699 2629 759 2675 vel
798 2641 933 2676 totum
970 2647 1144 2675 carmen
1179 2627 1401 2675 Bacchum
1438 2625 1594 2691 spirat,
1629 2643 1665 2671 v.
1718 2660 1721 2662 v

203 2707 387 2753 Praefat.
437 2707 604 2772 Epigrr.
651 2725 689 2772 p.
737 2710 826 2755 136
925 2706 1311 2764 Κισσοφόροις
1353 2707 1422 2754 ἐπὶ
1457 2703 1666 2762 διθυράμ-
