1826 3080
932 91 1027 141 184

245 228 471 274 ταλάντων
506 231 725 286 Δαρετίου
759 231 952 284 χρυσοῦ,
988 226 1066 281 τοὶς
1099 226 1289 282 δεκάτας.
1328 225 1428 290 (τοὶς
1460 229 1641 285 δεκάτας
1674 243 1715 278 et
1773 263 1776 266 ‹

244 307 380 356 codex
415 307 483 371 P.)
563 306 616 353 Id
651 310 930 365 Δημαρετίου
965 305 1246 355 scribendum
1282 306 1457 371 conjicit
1489 307 1714 374 Bentlejus

242 386 713 454 pronunciandumque
747 386 820 443 ita,
857 397 906 433 ut
938 403 1080 452 paeon
1115 386 1212 435 loco
1247 385 1411 454 dactyli
1444 385 1613 453 positus
1646 388 1712 437 sit.

189 482 191 485 ·
243 466 593 514 Damarelium
630 476 773 512 autem
819 482 1000 511 aurum
1048 483 1140 513 esse
1179 484 1362 514 numum
1398 466 1716 526 naman-etium,

242 565 369 612 quem
408 544 657 593 cudendum
694 545 860 592 curavit
894 545 1154 602 Damareta‚
1200 543 1382 594 Gelonis
1415 561 1552 606 uxor,
1602 564 1715 614 quae

242 645 328 673 una
382 624 657 690 potissimum
717 642 869 690 pacem
925 623 1361 689 Carthaginiensibus
1421 625 1714 676 conciliasset:

241 705 368 752 Diod.
417 704 500 751 Sic.
546 704 637 761 XI,
680 705 758 751 26.
829 707 887 752 Οἱ
939 703 1239 764 Καρχηδόνιοι
1284 702 1424 750 valve}
1465 723 1511 752 τε
1555 704 1715 759 δόσαν

239 786 553 843 προςεδέξαντο
597 782 706 847 (scil.
750 781 828 838 τοὶς
868 787 931 839 εἰς
969 781 1051 830 τόν
1097 782 1294 843 πόλεμον
1325 786 1612 845 γεγενημένας
1642 788 1715 833 δα-

238 864 400 922 πάνας,
437 864 653 923 ἀργυρίου
687 867 870 922 διςχίλια
902 863 1112 921 τάλαντα)
1147 866 1220 910 καὶ
1254 866 1479 923 στέφανον
1511 848 1714 927 χρυσοῦν

235 948 286 1005 τῇ
351 945 525 1003 γυναικὶ
581 946 663 988 τοῦ
731 944 933 998 Γέλωνος
989 945 1224 1003 Δημαρέτῃ
1283 937 1714 1005 προςωμολὸγησαν·

236 1021 346 1083 αὕτη
388 1021 471 1082 yolo
513 1021 589 1069 ὑπ’
635 1020 786 1069 αὐτῶν
833 1021 1071 1078 ἀξιωθεῖσα
1121 1022 1371 1083 συνήργησε
1404 1031 1610 1072 πλεῖστον
1649 1028 1715 1082 εἰς

234 1102 315 1163 τήν
361 1103 572 1150 σύνθεσιν
618 1105 696 1160 τῆς
738 1101 915 1161 εἰρήνης
956 1105 1028 1148 καὶ
1071 1098 1407 1161 ότεφανωθεῖσα
1448 1103 1526 1152 ὑπ’
1560 1103 1712 1152 arhiv

234 1181 435 1230 ἑκατόν
470 1180 769 1235 ταλάντοις
803 1186 1040 1241 χρυσίου
1085 1181 1277 1241 νόμισμα
1311 1185 1493 1239 ἐξέκοψε
1525 1181 1579 1230 vd
1610 1191 1711 1244 κλη-

232 1265 315 1310 θὲν
356 1261 429 1308 ἀπ’
472 1264 638 1319 ἐκείνης
683 1262 985 1320 Δαμαρέτιον;
1032 1280 1285 1327 quanquam
1333 1261 1462 1310 aliam
1507 1279 1708 1312 caussam

232 1342 534 1410 appellationis
578 1352 618 1389 et
661 1340 818 1388 Pollux
855 1341 942 1398 IX,
987 1342 1064 1389 85.
1113 1352 1153 1388 et
1197 1341 1445 1409 Hesychius
1477 1360 1512 1390 s.
1547 1350 1710 1403 νμΔη-

231 1425 435 1482 μαρέτιον
472 1422 603 1469 fuisse
639 1433 836 1469 auctores
871 1432 995 1478 sunt;
1029 1419 1128 1468 vide
1163 1419 1218 1468 de
1254 1420 1322 1468 his
1347 1421 1495 1471 numis
1517 1421 1708 1472 Boeclth.

233 1504 395 1551 Oecon.
435 1502 523 1549 Civ.
558 1502 646 1549 Att.
685 1501 729 1559 Ι,
772 1520 813 1567 p.
858 1502 957 1559 26,
1002 1501 1170 1548 Ducem
1216 1499 1270 1548 de
1310 1502 1490 1570 Luynoe
1531 1498 1709 1550 Annali.

232 1583 370 1630 Instit.
407 1580 634 1629 Archaeol.
674 1581 743 1635 ll,
778 1599 820 1646 p.
858 1581 962 1637 81„
997 1579 1193 1628 Mueller.
1230 1580 1399 1629 Etrusc.
1435 1581 1478 1638 I,
1516 1600 1560 1648 p.
1595 1582 1706 1630 327.

231 1662 374 1726 Hujus
411 1673 555 1708 autem
590 1659 713 1708 numi
749 1659 795 1706 in
821 1659 1151 1725 Epigrammate
1176 1660 1420 1709 Simonidis
1448 1659 1709 1708 memoriam

229 1741 542 1807 ineptissimam
591 1758 683 1788 esse
725 1757 855 1786 nemo
902 1756 992 1785 non
1037 1738 1260 1803 intelligit,
1304 1738 1425 1788 unde
1467 1737 1707 1787 Muellerus

229 1821 419 1870 Amalth.
456 1821 541 1877 Ill,
577 1839 617 1887 p.
655 1821 730 1867 27.
778 1822 1002 1878 Δαρεικοῦ
1035 1822 1208 1878 χρυσοῦ
1243 1817 1547 1885 reponendum
1575 1834 1705 1886 prae-

228 1901 343 1967 cipitq
381 1900 500 1966 quod
538 1918 637 1947 cum
673 1911 924 1947 nostrorum
950 1898 1180 1946 hominum
1202 1896 1561 1961 Ducatengold
1584 1915 1706 1947 eom-

226 1993 374 2047 parat:
411 1980 574 2046 pariter
608 1977 942 2043 Wesselingius
978 1980 1175 2036 Δαρείου
1218 1995 1300 2043 pro
1342 1995 1444 2025 vero
1478 1976 1704 2025 habuerat.

226 2063 286 2108 Ut
333 2060 531 2108 dicamus
575 2076 688 2125 quae
735 2077 803 2106 res
848 2070 930 2106 est:
975 2056 1233 2105 Simoniden
1279 2055 1463 2104 carmini
1506 2054 1706 2105 versiculi

227 2131 377 2188 tertius
414 2151 455 2187 et
490 2151 672 2204 quartus
697 2138 903 2186 insubide
930 2137 1065 2186 assuti
1092 2149 1217 2185 sunt:
1253 2155 1357 2184 nam
1384 2135 1708 2202 quinquaginta

229 2218 489 2267 talentorum
538 2217 754 2283 tripodem
800 2217 933 2265 fuisse
981 2228 1022 2264 et
1064 2235 1143 2282 per
1183 2234 1229 2264 se
1272 2222 1430 2282 paru‘m
1475 2206 1708 2282 probabile

226 2310 289 2347 est
321 2309 363 2347 et
398 2297 648 2363 exploditur
681 2297 929 2346 testimonio
965 2296 1172 2344 Diodori:
1209 2295 1369 2344 deinde
1404 2312 1517 2362 quae
1550 2310 1706 2343 caussa

226 2378 355 2427 fuerit
378 2377 611 2433 Simonidi,
645 2389 693 2425 ut
728 2377 914 2444 pretium
941 2376 1127 2443 tripodis
1161 2385 1538 2432 commemoraret,
1573 2387 1706 2438 neno

226 2457 350 2507 facile
401 2468 586 2523 exputet.
669 2457 746 2505 Est
795 2456 865 2505 hic
910 2457 1067 2505 iterum
1105 2455 1217 2504 fetus
1251 2441 1705 2504 Grammatieelid’o-

225 2539 407 2587 ctrinam
444 2537 691 2585 numeriam
730 2535 1007 2584 incommode
1042 2535 1309 2584 ostentantis
1343 2546 1383 2583 et
1426 2533 1464 2582 is
1495 2549 1587 2583 non
1621 2529 1702 2579 ad-

226 2617 408 2666 modum
444 2616 625 2665 feliciter
659 2617 701 2664 in
741 2616 835 2664 dias
872 2615 1049 2665 luminis
1085 2634 1214 2663 auras
1249 2614 1406 2669 editus,
1439 2631 1477 2662 va
1512 2610 1700 2660 Praefat.

227 2696 398 2761 Epigrr.
443 2715 485 2762 p.
539 2695 644 2744 144.
729 2696 838 2743 Eum
877 2708 1021 2743 tamen
1060 2697 1341 2755 Λαμαρετίου
1371 2691 1595 2758 scripsisse
1617 2707 1700 2741 ‘as-
