<?xml version="1.0" encoding="UTF-8"?>
<!DOCTYPE html PUBLIC "-//W3C//DTD XHTML 1.0 Transitional//EN"
    "http://www.w3.org/TR/xhtml1/DTD/xhtml1-transitional.dtd">
<html xmlns="http://www.w3.org/1999/xhtml" xml:lang="en" lang="en">
 <head>
  <title>
</title>
<meta http-equiv="Content-Type" content="text/html;charset=utf-8" />
  <meta name='ocr-system' content='tesseract 3.04.00' />
  <meta name='ocr-capabilities' content='ocr_page ocr_carea ocr_par ocr_line ocrx_word'/>
</head>
<body>
  <div class='ocr_page' id='page_1' title='image "./simonidisceicarm00simouoft_0118.png"; bbox 0 0 1826 3080; ppageno 0'>
   <div class='ocr_carea' id='block_1_1' title="bbox 909 124 975 173">
    <p class='ocr_par' dir='ltr' id='par_1_1' title="bbox 909 124 975 173">
     <span class='ocr_line' id='line_1_1' title="bbox 909 124 975 173; baseline -0.015 0"><span class='ocrx_word' id='word_1_1' title='bbox 909 124 975 173; x_wconf 83' lang='lat'><strong>54</strong></span> 
     </span>
    </p>
   </div>
   <div class='ocr_carea' id='block_1_2' title="bbox 211 257 1685 1348">
    <p class='ocr_par' dir='ltr' id='par_1_2' title="bbox 213 257 1685 703">
     <span class='ocr_line' id='line_1_2' title="bbox 213 257 1685 326; baseline 0.002 -21"><span class='ocrx_word' id='word_1_2' title='bbox 213 259 329 306; x_wconf 89' lang='lat' dir='ltr'><strong>Mus.</strong></span> <span class='ocrx_word' id='word_1_3' title='bbox 367 259 504 306; x_wconf 88' lang='lat' dir='ltr'>XVII.</span> <span class='ocrx_word' id='word_1_4' title='bbox 568 258 721 306; x_wconf 80' lang='grc' dir='ltr'><strong><em>Πολλοὶ</em></strong></span> <span class='ocrx_word' id='word_1_5' title='bbox 755 258 910 319; x_wconf 73' lang='grc' dir='ltr'><strong><em>Δώρια</em></strong></span> <span class='ocrx_word' id='word_1_6' title='bbox 944 261 1197 319; x_wconf 76' lang='grc' dir='ltr'><strong><em>Παρθένεια</em></strong></span> <span class='ocrx_word' id='word_1_7' title='bbox 1233 257 1387 326; x_wconf 74' lang='grc' dir='ltr'><strong><em>[ἄλλα]</em></strong></span> <span class='ocrx_word' id='word_1_8' title='bbox 1407 263 1447 324; x_wconf 73' lang='lat'><strong>⁴)</strong></span> <span class='ocrx_word' id='word_1_9' title='bbox 1481 262 1685 321; x_wconf 75' lang='grc' dir='ltr'><strong>Ἀλκμᾶνι</strong></span> 
     </span>
     <span class='ocr_line' id='line_1_3' title="bbox 213 337 1683 401; baseline 0.003 -17"><span class='ocrx_word' id='word_1_10' title='bbox 213 341 286 384; x_wconf 80' lang='grc' dir='ltr'><strong><em>καὶ</em></strong></span> <span class='ocrx_word' id='word_1_11' title='bbox 332 337 541 400; x_wconf 78' lang='grc' dir='ltr'><em>Πινδάρῳ</em></span> <span class='ocrx_word' id='word_1_12' title='bbox 585 341 659 384; x_wconf 83' lang='grc' dir='ltr'><strong><em>καὶ</em></strong></span> <span class='ocrx_word' id='word_1_13' title='bbox 699 346 743 385; x_wconf 89' lang='grc' dir='ltr'><strong><em>Σ</em></strong></span> <span class='ocrx_word' id='word_1_14' title='bbox 751 357 849 397; x_wconf 86' lang='grc' dir='ltr'><strong>ιμω</strong></span> <span class='ocrx_word' id='word_1_15' title='bbox 862 342 918 386; x_wconf 79' lang='lat' dir='ltr'><strong>vl</strong></span> <span class='ocrx_word' id='word_1_16' title='bbox 925 342 986 400; x_wconf 76' lang='grc' dir='ltr'><strong>δῃ</strong></span> <span class='ocrx_word' id='word_1_17' title='bbox 1029 343 1102 387; x_wconf 76' lang='grc' dir='ltr'><strong><em>καὶ</em></strong></span> <span class='ocrx_word' id='word_1_18' title='bbox 1144 343 1393 401; x_wconf 74' lang='grc' dir='ltr'><strong><em>Βακχυλίδῃ</em></strong></span> <span class='ocrx_word' id='word_1_19' title='bbox 1441 347 1683 401; x_wconf 78' lang='grc' dir='ltr'><strong><em>πεποίηται,</em></strong></span> 
     </span>
     <span class='ocr_line' id='line_1_4' title="bbox 214 415 1684 479; baseline 0.004 -17"><span class='ocrx_word' id='word_1_20' title='bbox 214 415 325 463; x_wconf 72' lang='grc' dir='ltr'><strong>ἀλλά</strong></span> <span class='ocrx_word' id='word_1_21' title='bbox 368 415 456 476; x_wconf 73' lang='grc' dir='ltr'><strong>μήν</strong></span> <span class='ocrx_word' id='word_1_22' title='bbox 497 419 570 463; x_wconf 78' lang='grc' dir='ltr'><strong><em>καὶ</em></strong></span> <span class='ocrx_word' id='word_1_23' title='bbox 613 419 674 463; x_wconf 77' lang='grc' dir='ltr'><strong>ἔτι</strong></span> <span class='ocrx_word' id='word_1_24' title='bbox 705 417 931 478; x_wconf 77' lang='grc' dir='ltr'><strong><em>Πρυςόδια</em></strong></span> <span class='ocrx_word' id='word_1_25' title='bbox 976 420 1050 465; x_wconf 76' lang='grc' dir='ltr'><strong><em>καὶ</em></strong></span> <span class='ocrx_word' id='word_1_26' title='bbox 1082 422 1275 475; x_wconf 83' lang='grc' dir='ltr'><strong><em>Παιᾶνες</em></strong></span> <span class='ocrx_word' id='word_1_27' title='bbox 1314 421 1387 466; x_wconf 74' lang='grc' dir='ltr'><strong><em>καὶ</em></strong></span> <span class='ocrx_word' id='word_1_28' title='bbox 1431 421 1581 479; x_wconf 72' lang='grc' dir='ltr'><strong><em>μέντοι</em></strong></span> <span class='ocrx_word' id='word_1_29' title='bbox 1613 427 1684 469; x_wconf 76' lang='grc' dir='ltr'><strong><em>καὶ</em></strong></span> 
     </span>
     <span class='ocr_line' id='line_1_5' title="bbox 213 495 1685 564; baseline 0.003 -22"><span class='ocrx_word' id='word_1_30' title='bbox 213 499 407 556; x_wconf 80' lang='grc' dir='ltr'><strong><em>τραγικοὶ</em></strong></span> <span class='ocrx_word' id='word_1_31' title='bbox 442 495 581 542; x_wconf 85' lang='grc' dir='ltr'><strong><em>οἶκτοι</em></strong></span> <span class='ocrx_word' id='word_1_32' title='bbox 613 498 722 544; x_wconf 81' lang='grc' dir='ltr'><strong><em>ποτὲ</em></strong></span> <span class='ocrx_word' id='word_1_33' title='bbox 755 499 828 543; x_wconf 78' lang='grc' dir='ltr'><strong>ἐπὶ</strong></span> <span class='ocrx_word' id='word_1_34' title='bbox 859 501 941 545; x_wconf 80' lang='grc' dir='ltr'><strong>τοῦ</strong></span> <span class='ocrx_word' id='word_1_35' title='bbox 975 502 1161 558; x_wconf 79' lang='grc' dir='ltr'><strong><em>Δωρίου</em></strong></span> <span class='ocrx_word' id='word_1_36' title='bbox 1200 498 1372 558; x_wconf 78' lang='grc' dir='ltr'><strong><em>τρόπου</em></strong></span> <span class='ocrx_word' id='word_1_37' title='bbox 1412 499 1685 564; x_wconf 69' lang='grc' dir='ltr'><strong><em>ἐμελφῦἡθη-</em></strong></span> 
     </span>
     <span class='ocr_line' id='line_1_6' title="bbox 214 574 1683 647; baseline 0.005 -25"><span class='ocrx_word' id='word_1_38' title='bbox 214 590 297 622; x_wconf 87' lang='grc' dir='ltr'><strong><em>σαν</em></strong></span> <span class='ocrx_word' id='word_1_39' title='bbox 354 581 427 622; x_wconf 84' lang='grc' dir='ltr'><strong><em>καί</em></strong></span> <span class='ocrx_word' id='word_1_40' title='bbox 485 593 581 622; x_wconf 78' lang='grc' dir='ltr'><strong><em>τινα</em></strong></span> <span class='ocrx_word' id='word_1_41' title='bbox 633 574 855 637; x_wconf 74' lang='grc' dir='ltr'><strong><em>Ἐρωτικοὶ.</em></strong></span> <span class='ocrx_word' id='word_1_42' title='bbox 954 575 1124 625; x_wconf 90' lang='lat' dir='ltr'><strong>Eodem</strong></span> <span class='ocrx_word' id='word_1_43' title='bbox 1175 577 1314 626; x_wconf 88' lang='lat' dir='ltr'><strong>tendit</strong></span> <span class='ocrx_word' id='word_1_44' title='bbox 1369 579 1683 647; x_wconf 75' lang='lat' dir='ltr'><strong>Aristophanes</strong></span> 
     </span>
     <span class='ocr_line' id='line_1_7' title="bbox 214 656 465 703; baseline -0.004 -1"><span class='ocrx_word' id='word_1_45' title='bbox 214 656 318 702; x_wconf 86' lang='lat' dir='ltr'>Avv.</span> <span class='ocrx_word' id='word_1_46' title='bbox 355 656 465 703; x_wconf 87' lang='lat'><strong>917.</strong></span> 
     </span>
    </p>

    <p class='ocr_par' dir='ltr' id='par_1_3' title="bbox 348 733 1359 796">
     <span class='ocr_line' id='line_1_8' title="bbox 348 733 1359 796; baseline 0.001 -14"><span class='ocrx_word' id='word_1_47' title='bbox 348 736 476 793; x_wconf 83' lang='grc' dir='ltr'><strong>Μέλη</strong></span> <span class='ocrx_word' id='word_1_48' title='bbox 511 733 712 793; x_wconf 83' lang='grc' dir='ltr'><strong><em>πεποίηκ’</em></strong></span> <span class='ocrx_word' id='word_1_49' title='bbox 749 736 794 789; x_wconf 79' lang='grc' dir='ltr'><strong>ἐς</strong></span> <span class='ocrx_word' id='word_1_50' title='bbox 826 733 903 790; x_wconf 77' lang='grc' dir='ltr'><strong>τὰς</strong></span> <span class='ocrx_word' id='word_1_51' title='bbox 934 741 1359 796; x_wconf 80' lang='grc' dir='ltr'><strong><em>Νεφελοκοκκυγίας,</em></strong></span> 
     </span>
    </p>

    <p class='ocr_par' dir='ltr' id='par_1_4' title="bbox 344 812 1376 873">
     <span class='ocr_line' id='line_1_9' title="bbox 344 812 1376 873; baseline 0.003 -13"><span class='ocrx_word' id='word_1_52' title='bbox 344 813 423 869; x_wconf 74' lang='grc' dir='ltr'><strong>τοὶς</strong></span> <span class='ocrx_word' id='word_1_53' title='bbox 455 813 666 873; x_wconf 79' lang='grc' dir='ltr'><strong><em>ὑμετέρας</em></strong></span> <span class='ocrx_word' id='word_1_54' title='bbox 699 812 857 860; x_wconf 75' lang='grc' dir='ltr'><strong><em>κύκλιά</em></strong></span> <span class='ocrx_word' id='word_1_55' title='bbox 890 832 935 860; x_wconf 82' lang='grc' dir='ltr'><strong>τε</strong></span> <span class='ocrx_word' id='word_1_56' title='bbox 969 814 1112 862; x_wconf 76' lang='grc' dir='ltr'><strong><em>πολλοὶ</em></strong></span> <span class='ocrx_word' id='word_1_57' title='bbox 1145 819 1216 862; x_wconf 79' lang='grc' dir='ltr'><strong><em>καὶ</em></strong></span> <span class='ocrx_word' id='word_1_58' title='bbox 1250 816 1376 872; x_wconf 76' lang='grc' dir='ltr'><strong><em>καλά,</em></strong></span> 
     </span>
    </p>

    <p class='ocr_par' dir='ltr' id='par_1_5' title="bbox 211 891 1682 1348">
     <span class='ocr_line' id='line_1_10' title="bbox 348 891 1357 954; baseline 0.002 -14"><span class='ocrx_word' id='word_1_59' title='bbox 348 897 420 940; x_wconf 80' lang='grc' dir='ltr'><strong><em>καὶ</em></strong></span> <span class='ocrx_word' id='word_1_60' title='bbox 455 895 719 953; x_wconf 80' lang='grc' dir='ltr'><strong><em>παρθένεια,</em></strong></span> <span class='ocrx_word' id='word_1_61' title='bbox 755 895 828 938; x_wconf 77' lang='grc' dir='ltr'><strong><em>καὶ</em></strong></span> <span class='ocrx_word' id='word_1_62' title='bbox 859 891 969 939; x_wconf 72' lang='grc' dir='ltr'><strong><em>κατὰ</em></strong></span> <span class='ocrx_word' id='word_1_63' title='bbox 1002 892 1056 941; x_wconf 79' lang='grc' dir='ltr'><strong>τοὶ</strong></span> <span class='ocrx_word' id='word_1_64' title='bbox 1089 899 1357 954; x_wconf 78' lang='grc' dir='ltr'><strong><em>Σιμωνίδου.</em></strong></span> 
     </span>
     <span class='ocr_line' id='line_1_11' title="bbox 218 972 1682 1042; baseline 0.003 -22"><span class='ocrx_word' id='word_1_65' title='bbox 218 973 531 1040; x_wconf 85' lang='lat' dir='ltr'><strong>Aristophanes</strong></span> <span class='ocrx_word' id='word_1_66' title='bbox 577 972 692 1020; x_wconf 87' lang='lat' dir='ltr'><strong>enim</strong></span> <span class='ocrx_word' id='word_1_67' title='bbox 740 983 892 1038; x_wconf 86' lang='lat' dir='ltr'><strong>poetae</strong></span> <span class='ocrx_word' id='word_1_68' title='bbox 939 973 1014 1021; x_wconf 90' lang='lat' dir='ltr'><strong>Cei</strong></span> <span class='ocrx_word' id='word_1_69' title='bbox 1058 974 1413 1041; x_wconf 85' lang='lat' dir='ltr'><strong>reliquorumque</strong></span> <span class='ocrx_word' id='word_1_70' title='bbox 1455 987 1682 1042; x_wconf 75' lang='lat' dir='ltr'><strong>poetarum</strong></span> 
     </span>
     <span class='ocr_line' id='line_1_12' title="bbox 214 1051 1682 1120; baseline 0.002 -21"><span class='ocrx_word' id='word_1_71' title='bbox 214 1052 451 1120; x_wconf 74' lang='lat' dir='ltr'>lyricorum</span> <span class='ocrx_word' id='word_1_72' title='bbox 487 1071 577 1100; x_wconf 93' lang='lat' dir='ltr'><strong>non</strong></span> <span class='ocrx_word' id='word_1_73' title='bbox 613 1070 713 1099; x_wconf 84' lang='lat' dir='ltr'><strong>raro</strong></span> <span class='ocrx_word' id='word_1_74' title='bbox 748 1051 924 1116; x_wconf 89' lang='lat' dir='ltr'><strong>iniquus</strong></span> <span class='ocrx_word' id='word_1_75' title='bbox 961 1072 1115 1102; x_wconf 86' lang='lat' dir='ltr'><strong>censor</strong></span> <span class='ocrx_word' id='word_1_76' title='bbox 1148 1054 1330 1110; x_wconf 68' lang='lat' dir='ltr'><strong>exstitit,</strong></span> <span class='ocrx_word' id='word_1_77' title='bbox 1363 1073 1552 1120; x_wconf 86' lang='lat' dir='ltr'><strong>quorum</strong></span> <span class='ocrx_word' id='word_1_78' title='bbox 1588 1073 1682 1102; x_wconf 83' lang='lat' dir='ltr'><strong>car-</strong></span> 
     </span>
     <span class='ocr_line' id='line_1_13' title="bbox 211 1131 1681 1200; baseline 0.002 -22"><span class='ocrx_word' id='word_1_79' title='bbox 211 1131 330 1179; x_wconf 86' lang='lat' dir='ltr'>mina</span> <span class='ocrx_word' id='word_1_80' title='bbox 378 1132 460 1198; x_wconf 89' lang='lat' dir='ltr'><strong>ipsi</strong></span> <span class='ocrx_word' id='word_1_81' title='bbox 507 1131 633 1179; x_wconf 90' lang='lat' dir='ltr'><strong>malis</strong></span> <span class='ocrx_word' id='word_1_82' title='bbox 677 1131 844 1179; x_wconf 82' lang='lat' dir='ltr'><strong>artibus</strong></span> <span class='ocrx_word' id='word_1_83' title='bbox 885 1132 1165 1197; x_wconf 82' lang='lat' dir='ltr'><strong>pessumdata</strong></span> <span class='ocrx_word' id='word_1_84' title='bbox 1211 1145 1253 1180; x_wconf 87' lang='lat' dir='ltr'><strong>et</strong></span> <span class='ocrx_word' id='word_1_85' title='bbox 1286 1133 1527 1200; x_wconf 80' lang='lat' dir='ltr'><strong>perniciosa</strong></span> <span class='ocrx_word' id='word_1_86' title='bbox 1564 1134 1681 1181; x_wconf 87' lang='lat' dir='ltr'><strong>vide—</strong></span> 
     </span>
     <span class='ocr_line' id='line_1_14' title="bbox 211 1210 1682 1272; baseline 0.003 -16"><span class='ocrx_word' id='word_1_87' title='bbox 211 1222 382 1268; x_wconf 82' lang='lat' dir='ltr'><strong>rentur,</strong></span> <span class='ocrx_word' id='word_1_88' title='bbox 426 1231 462 1257; x_wconf 89' lang='lat' dir='ltr'><strong>v.</strong></span> <span class='ocrx_word' id='word_1_89' title='bbox 501 1210 678 1258; x_wconf 78' lang='lat' dir='ltr'>Scholia</span> <span class='ocrx_word' id='word_1_90' title='bbox 713 1210 754 1258; x_wconf 89' lang='lat' dir='ltr'><strong>h.</strong></span> <span class='ocrx_word' id='word_1_91' title='bbox 791 1210 817 1258; x_wconf 91' lang='grc' dir='ltr'><strong>Ι.</strong></span> <span class='ocrx_word' id='word_1_92' title='bbox 854 1222 895 1259; x_wconf 89' lang='lat' dir='ltr'><strong>et</strong></span> <span class='ocrx_word' id='word_1_93' title='bbox 930 1211 1091 1260; x_wconf 85' lang='lat' dir='ltr'><strong>Suidas</strong></span> <span class='ocrx_word' id='word_1_94' title='bbox 1125 1233 1157 1260; x_wconf 80' lang='lat' dir='ltr'><strong>S.</strong></span> <span class='ocrx_word' id='word_1_95' title='bbox 1194 1233 1228 1259; x_wconf 89' lang='lat' dir='ltr'><strong>v.</strong></span> <span class='ocrx_word' id='word_1_96' title='bbox 1266 1215 1539 1272; x_wconf 76' lang='grc' dir='ltr'><strong><em>Παρθένεια·</em></strong></span> <span class='ocrx_word' id='word_1_97' title='bbox 1586 1233 1682 1260; x_wconf 74' lang='grc' dir='ltr'><strong><em>του-</em></strong></span> 
     </span>
     <span class='ocr_line' id='line_1_15' title="bbox 211 1289 926 1348; baseline 0 -13"><span class='ocrx_word' id='word_1_98' title='bbox 211 1291 323 1335; x_wconf 80' lang='grc' dir='ltr'><strong><em>τέστι</em></strong></span> <span class='ocrx_word' id='word_1_99' title='bbox 356 1289 597 1348; x_wconf 79' lang='grc' dir='ltr'><strong><em>κακότεχνα</em></strong></span> <span class='ocrx_word' id='word_1_100' title='bbox 631 1292 705 1337; x_wconf 80' lang='grc' dir='ltr'><strong><em>καὶ</em></strong></span> <span class='ocrx_word' id='word_1_101' title='bbox 739 1294 926 1337; x_wconf 84' lang='grc' dir='ltr'><strong><em>ποικίλα.</em></strong></span> 
     </span>
    </p>
   </div>
   <div class='ocr_carea' id='block_1_3' title="bbox 755 1464 1131 1610">
    <p class='ocr_par' dir='ltr' id='par_1_6' title="bbox 755 1464 1131 1610">
     <span class='ocr_line' id='line_1_16' title="bbox 934 1464 983 1509; baseline -0.02 0"><span class='ocrx_word' id='word_1_102' title='bbox 934 1464 983 1509; x_wconf 89' lang='grc' dir='ltr'><strong>Χ.</strong></span> 
     </span>
     <span class='ocr_line' id='line_1_17' title="bbox 755 1569 1131 1610; baseline 0 0"><span class='ocrx_word' id='word_1_103' title='bbox 755 1569 1131 1610; x_wconf 86' lang='grc' dir='ltr'><em>ΣΚΟΛΙΑ.</em></span> 
     </span>
    </p>
   </div>
   <div class='ocr_carea' id='block_1_4' title="bbox 209 1686 1680 2054">
    <p class='ocr_par' dir='ltr' id='par_1_7' title="bbox 209 1686 1680 2054">
     <span class='ocr_line' id='line_1_18' title="bbox 344 1686 1680 1754; baseline 0.001 -20"><span class='ocrx_word' id='word_1_104' title='bbox 344 1686 489 1734; x_wconf 90' lang='lat' dir='ltr'><strong>Scolia</strong></span> <span class='ocrx_word' id='word_1_105' title='bbox 524 1698 675 1753; x_wconf 88' lang='lat' dir='ltr'><strong>poetas</strong></span> <span class='ocrx_word' id='word_1_106' title='bbox 701 1687 937 1735; x_wconf 85' lang='lat' dir='ltr'><strong>Dorienses</strong></span> <span class='ocrx_word' id='word_1_107' title='bbox 972 1700 1010 1734; x_wconf 75' lang='lat' dir='ltr'><strong>et</strong></span> <span class='ocrx_word' id='word_1_108' title='bbox 1048 1687 1139 1752; x_wconf 85' lang='lat' dir='ltr'><strong>ipsa</strong></span> <span class='ocrx_word' id='word_1_109' title='bbox 1178 1688 1310 1734; x_wconf 79' lang='lat' dir='ltr'><strong>choro</strong></span> <span class='ocrx_word' id='word_1_110' title='bbox 1347 1701 1516 1754; x_wconf 76' lang='lat' dir='ltr'><strong>aptasse</strong></span> <span class='ocrx_word' id='word_1_111' title='bbox 1552 1707 1680 1752; x_wconf 74' lang='lat' dir='ltr'><strong>argu-</strong></span> 
     </span>
     <span class='ocr_line' id='line_1_19' title="bbox 211 1765 1680 1833; baseline 0 -19"><span class='ocrx_word' id='word_1_112' title='bbox 211 1779 356 1814; x_wconf 79' lang='lat' dir='ltr'><strong>mento</strong></span> <span class='ocrx_word' id='word_1_113' title='bbox 401 1766 622 1814; x_wconf 86' lang='lat' dir='ltr'><strong>Pindarus</strong></span> <span class='ocrx_word' id='word_1_114' title='bbox 666 1778 739 1813; x_wconf 85' lang='lat' dir='ltr'><strong>est.</strong></span> <span class='ocrx_word' id='word_1_115' title='bbox 813 1765 950 1813; x_wconf 82' lang='lat' dir='ltr'><strong>Iidem</strong></span> <span class='ocrx_word' id='word_1_116' title='bbox 988 1778 1132 1813; x_wconf 72' lang='lat' dir='ltr'><strong>tamen</strong></span> <span class='ocrx_word' id='word_1_117' title='bbox 1170 1766 1227 1813; x_wconf 81' lang='lat' dir='ltr'><strong>ad</strong></span> <span class='ocrx_word' id='word_1_118' title='bbox 1263 1765 1540 1814; x_wconf 85' lang='lat' dir='ltr'><strong>Aeolensimn</strong></span> <span class='ocrx_word' id='word_1_119' title='bbox 1579 1786 1680 1833; x_wconf 81' lang='lat' dir='ltr'><strong>poe-</strong></span> 
     </span>
     <span class='ocr_line' id='line_1_20' title="bbox 209 1844 1678 1911; baseline 0 -18"><span class='ocrx_word' id='word_1_120' title='bbox 209 1858 351 1894; x_wconf 79' lang='lat' dir='ltr'><strong>tarum</strong></span> <span class='ocrx_word' id='word_1_121' title='bbox 388 1865 555 1894; x_wconf 90' lang='lat' dir='ltr'><strong>morem</strong></span> <span class='ocrx_word' id='word_1_122' title='bbox 592 1845 810 1911; x_wconf 88' lang='lat' dir='ltr'><strong>quaedam</strong></span> <span class='ocrx_word' id='word_1_123' title='bbox 845 1844 1152 1910; x_wconf 78' lang='lat' dir='ltr'><strong>conscripsisse</strong></span> <span class='ocrx_word' id='word_1_124' title='bbox 1182 1845 1402 1902; x_wconf 68' lang='lat' dir='ltr'><strong>videntur,</strong></span> <span class='ocrx_word' id='word_1_125' title='bbox 1449 1860 1492 1894; x_wconf 80' lang='lat' dir='ltr'><strong>ut</strong></span> <span class='ocrx_word' id='word_1_126' title='bbox 1528 1847 1678 1894; x_wconf 86' lang='lat' dir='ltr'><strong>Timo-</strong></span> 
     </span>
     <span class='ocr_line' id='line_1_21' title="bbox 210 1922 1680 1990; baseline 0 -18"><span class='ocrx_word' id='word_1_127' title='bbox 210 1944 338 1974; x_wconf 80' lang='lat' dir='ltr'><strong>creon</strong></span> <span class='ocrx_word' id='word_1_128' title='bbox 386 1925 590 1974; x_wconf 85' lang='lat' dir='ltr'><strong>Rhodius</strong></span> <span class='ocrx_word' id='word_1_129' title='bbox 634 1936 675 1972; x_wconf 78' lang='lat' dir='ltr'><strong>et</strong></span> <span class='ocrx_word' id='word_1_130' title='bbox 721 1922 971 1971; x_wconf 85' lang='lat' dir='ltr'><strong>Simonides</strong></span> <span class='ocrx_word' id='word_1_131' title='bbox 1015 1923 1149 1980; x_wconf 82' lang='lat' dir='ltr'><strong>Ceus,</strong></span> <span class='ocrx_word' id='word_1_132' title='bbox 1193 1926 1259 1973; x_wconf 87' lang='lat' dir='ltr'><strong>cui</strong></span> <span class='ocrx_word' id='word_1_133' title='bbox 1296 1925 1439 1990; x_wconf 84' lang='lat' dir='ltr'><strong>major</strong></span> <span class='ocrx_word' id='word_1_134' title='bbox 1472 1945 1680 1974; x_wconf 81' lang='lat' dir='ltr'><strong>numerus</strong></span> 
     </span>
     <span class='ocr_line' id='line_1_22' title="bbox 211 2003 899 2054; baseline -0.001 -3"><span class='ocrx_word' id='word_1_135' title='bbox 211 2005 380 2054; x_wconf 72' lang='lat' dir='ltr'><strong>testium</strong></span> <span class='ocrx_word' id='word_1_136' title='bbox 416 2005 570 2053; x_wconf 77' lang='lat' dir='ltr'><strong>tribuit</strong></span> <span class='ocrx_word' id='word_1_137' title='bbox 605 2023 780 2052; x_wconf 86' lang='lat' dir='ltr'><strong>carmen</strong></span> <span class='ocrx_word' id='word_1_138' title='bbox 816 2003 899 2051; x_wconf 91' lang='lat' dir='ltr'><strong>hoc</strong></span> 
     </span>
    </p>
   </div>
   <div class='ocr_carea' id='block_1_5' title="bbox 885 2152 992 2187">
    <p class='ocr_par' dir='ltr' id='par_1_8' title="bbox 885 2152 992 2187">
     <span class='ocr_line' id='line_1_23' title="bbox 885 2152 992 2187; baseline -0.009 0"><span class='ocrx_word' id='word_1_139' title='bbox 885 2152 992 2187; x_wconf 84' lang='lat' dir='ltr'><strong>XLII.</strong></span> 
     </span>
    </p>
   </div>
   <div class='ocr_carea' id='block_1_6' title="bbox 340 2238 1475 2539">
    <p class='ocr_par' dir='ltr' id='par_1_9' title="bbox 340 2238 1265 2381">
     <span class='ocr_line' id='line_1_24' title="bbox 340 2238 1265 2303; baseline -0.002 -16"><span class='ocrx_word' id='word_1_140' title='bbox 340 2241 572 2300; x_wconf 57' lang='grc' dir='ltr'><strong><em>Ὑγιαίνειν</em></strong></span> <span class='ocrx_word' id='word_1_141' title='bbox 606 2242 686 2299; x_wconf 84' lang='grc' dir='ltr'><strong>μὲν</strong></span> <span class='ocrx_word' id='word_1_142' title='bbox 721 2238 902 2298; x_wconf 72' lang='grc' dir='ltr'><strong><em>ἄριστον</em></strong></span> <span class='ocrx_word' id='word_1_143' title='bbox 937 2241 1065 2300; x_wconf 79' lang='grc' dir='ltr'><strong><em>ἀνδρὶ</em></strong></span> <span class='ocrx_word' id='word_1_144' title='bbox 1098 2246 1265 2303; x_wconf 77' lang='grc' dir='ltr'><strong><em>θνατῷ,</em></strong></span> 
     </span>
     <span class='ocr_line' id='line_1_25' title="bbox 343 2318 1222 2381; baseline -0.002 -14"><span class='ocrx_word' id='word_1_145' title='bbox 343 2321 550 2381; x_wconf 84' lang='grc' dir='ltr'><strong><em>δεύτερον</em></strong></span> <span class='ocrx_word' id='word_1_146' title='bbox 583 2322 630 2366; x_wconf 85' lang='grc' dir='ltr'><strong>δὲ</strong></span> <span class='ocrx_word' id='word_1_147' title='bbox 665 2319 803 2367; x_wconf 81' lang='grc' dir='ltr'><strong><em>καλόν</em></strong></span> <span class='ocrx_word' id='word_1_148' title='bbox 838 2318 961 2379; x_wconf 74' lang='grc' dir='ltr'><strong><em>φυιὶν</em></strong></span> <span class='ocrx_word' id='word_1_149' title='bbox 993 2322 1222 2379; x_wconf 79' lang='grc' dir='ltr'><strong><em>γενέσθαι·</em></strong></span> 
     </span>
    </p>

    <p class='ocr_par' dir='ltr' id='par_1_10' title="bbox 472 2399 1242 2459">
     <span class='ocr_line' id='line_1_26' title="bbox 472 2399 1242 2459; baseline -0.003 -13"><span class='ocrx_word' id='word_1_150' title='bbox 472 2399 522 2447; x_wconf 78' lang='grc' dir='ltr'><strong>τό</strong></span> <span class='ocrx_word' id='word_1_151' title='bbox 555 2405 705 2459; x_wconf 81' lang='grc' dir='ltr'><strong><em>τρίτον</em></strong></span> <span class='ocrx_word' id='word_1_152' title='bbox 740 2401 787 2446; x_wconf 83' lang='grc' dir='ltr'><strong>δὲ</strong></span> <span class='ocrx_word' id='word_1_153' title='bbox 822 2407 1027 2447; x_wconf 80' lang='grc' dir='ltr'><strong><em>πλουτεῖν</em></strong></span> <span class='ocrx_word' id='word_1_154' title='bbox 1057 2399 1242 2454; x_wconf 74' lang='grc' dir='ltr'><em>ἀδόλως,</em></span> 
     </span>
    </p>

    <p class='ocr_par' dir='ltr' id='par_1_11' title="bbox 475 2477 1475 2539">
     <span class='ocr_line' id='line_1_27' title="bbox 475 2477 1475 2539; baseline -0.002 -14"><span class='ocrx_word' id='word_1_155' title='bbox 475 2482 547 2525; x_wconf 80' lang='grc' dir='ltr'><strong><em>καὶ</em></strong></span> <span class='ocrx_word' id='word_1_156' title='bbox 578 2477 627 2524; x_wconf 79' lang='grc' dir='ltr'><strong>τό</strong></span> <span class='ocrx_word' id='word_1_157' title='bbox 663 2481 870 2539; x_wconf 77' lang='grc' dir='ltr'><strong><em>τέταρτον</em></strong></span> <span class='ocrx_word' id='word_1_158' title='bbox 904 2478 1021 2538; x_wconf 82' lang='grc' dir='ltr'><strong>ήβᾶν</strong></span> <span class='ocrx_word' id='word_1_159' title='bbox 1054 2478 1157 2539; x_wconf 63' lang='grc' dir='ltr'><strong><em>μετα</em></strong></span> <span class='ocrx_word' id='word_1_160' title='bbox 1194 2483 1283 2525; x_wconf 80' lang='grc' dir='ltr'><strong>τῶν</strong></span> <span class='ocrx_word' id='word_1_161' title='bbox 1319 2483 1475 2537; x_wconf 80' lang='grc' dir='ltr'><strong><em>φίλων.</em></strong></span> 
     </span>
    </p>
   </div>
   <div class='ocr_carea' id='block_1_7' title="bbox 242 2676 1674 2785">
    <p class='ocr_par' dir='ltr' id='par_1_12' title="bbox 242 2676 1674 2785">
     <span class='ocr_line' id='line_1_28' title="bbox 242 2676 1674 2724; baseline -0.006 -7"><span class='ocrx_word' id='word_1_162' title='bbox 242 2681 274 2724; x_wconf 84' lang='lat'><strong>⁴)</strong></span> <span class='ocrx_word' id='word_1_163' title='bbox 300 2681 432 2716; x_wconf 89' lang='lat' dir='ltr'><strong>Vocem</strong></span> <span class='ocrx_word' id='word_1_164' title='bbox 458 2678 547 2714; x_wconf 76' lang='grc' dir='ltr'><strong><em>ἄλλα</em></strong></span> <span class='ocrx_word' id='word_1_165' title='bbox 570 2694 672 2716; x_wconf 83' lang='lat' dir='ltr'><strong>sensu</strong></span> <span class='ocrx_word' id='word_1_166' title='bbox 700 2694 833 2717; x_wconf 80' lang='lat' dir='ltr'><strong>cassam</strong></span> <span class='ocrx_word' id='word_1_167' title='bbox 858 2680 949 2716; x_wconf 78' lang='lat' dir='ltr'><strong>delet</strong></span> <span class='ocrx_word' id='word_1_168' title='bbox 974 2681 1030 2715; x_wconf 78' lang='lat' dir='ltr'><strong>Fr.</strong></span> <span class='ocrx_word' id='word_1_169' title='bbox 1058 2681 1233 2716; x_wconf 73' lang='lat' dir='ltr'><strong>lacobsius</strong></span> <span class='ocrx_word' id='word_1_170' title='bbox 1258 2681 1293 2715; x_wconf 82' lang='lat' dir='ltr'><strong>in</strong></span> <span class='ocrx_word' id='word_1_171' title='bbox 1319 2677 1439 2713; x_wconf 76' lang='lat' dir='ltr'><strong>Wolfii</strong></span> <span class='ocrx_word' id='word_1_172' title='bbox 1465 2676 1576 2711; x_wconf 72' lang='grc' dir='ltr'><strong>ΛηειΙΙ.</strong></span> <span class='ocrx_word' id='word_1_173' title='bbox 1599 2676 1674 2710; x_wconf 65' lang='lat' dir='ltr'><strong>Lini.</strong></span> 
     </span>
     <span class='ocr_line' id='line_1_29' title="bbox 296 2735 955 2785; baseline 0 -12"><span class='ocrx_word' id='word_1_174' title='bbox 296 2737 328 2778; x_wconf 84' lang='grc'><strong>1,</strong></span> <span class='ocrx_word' id='word_1_175' title='bbox 354 2752 387 2785; x_wconf 76' lang='grc' dir='ltr'><strong>ρ,</strong></span> <span class='ocrx_word' id='word_1_176' title='bbox 413 2739 489 2775; x_wconf 79' lang='lat'><strong>375.</strong></span> <span class='ocrx_word' id='word_1_177' title='bbox 515 2746 553 2774; x_wconf 80' lang='lat' dir='ltr'><strong>ut</strong></span> <span class='ocrx_word' id='word_1_178' title='bbox 578 2751 615 2773; x_wconf 84' lang='lat' dir='ltr'><strong>ex</strong></span> <span class='ocrx_word' id='word_1_179' title='bbox 640 2735 803 2777; x_wconf 68' lang='grc' dir='ltr'><strong>Ἀλκμᾶνι</strong></span> <span class='ocrx_word' id='word_1_180' title='bbox 831 2744 955 2773; x_wconf 75' lang='lat' dir='ltr'><strong>ortam.</strong></span> 
     </span>
    </p>
   </div>
  </div>
 </body>
</html>
