<?xml version="1.0" encoding="UTF-8"?>
<!DOCTYPE html PUBLIC "-//W3C//DTD XHTML 1.0 Transitional//EN"
    "http://www.w3.org/TR/xhtml1/DTD/xhtml1-transitional.dtd">
<html xmlns="http://www.w3.org/1999/xhtml" xml:lang="en" lang="en">
 <head>
  <title>
</title>
<meta http-equiv="Content-Type" content="text/html;charset=utf-8" />
  <meta name='ocr-system' content='tesseract 3.04.00' />
  <meta name='ocr-capabilities' content='ocr_page ocr_carea ocr_par ocr_line ocrx_word'/>
</head>
<body>
  <div class='ocr_page' id='page_1' title='image "./simonidisceicarm00simouoft_0125.png"; bbox 0 0 1826 3080; ppageno 0'>
   <div class='ocr_carea' id='block_1_1' title="bbox 910 125 1047 175">
    <p class='ocr_par' dir='ltr' id='par_1_1' title="bbox 910 125 1047 175">
     <span class='ocr_line' id='line_1_1' title="bbox 910 125 1047 175; baseline -0.007 0"><span class='ocrx_word' id='word_1_1' title='bbox 910 125 1047 175; x_wconf 83' lang='lat'><strong>61·</strong></span> 
     </span>
    </p>
   </div>
   <div class='ocr_carea' id='block_1_2' title="bbox 188 258 1686 1351">
    <p class='ocr_par' dir='ltr' id='par_1_2' title="bbox 188 258 1686 1351">
     <span class='ocr_line' id='line_1_2' title="bbox 200 258 1686 327; baseline 0.001 -17"><span class='ocrx_word' id='word_1_2' title='bbox 200 261 250 310; x_wconf 79' lang='lat' dir='ltr'><strong>in</strong></span> <span class='ocrx_word' id='word_1_3' title='bbox 282 260 453 309; x_wconf 85' lang='lat' dir='ltr'><strong>medela</strong></span> <span class='ocrx_word' id='word_1_4' title='bbox 497 260 816 327; x_wconf 75' lang='lat' dir='ltr'>acquiescimus</span> <span class='ocrx_word' id='word_1_5' title='bbox 858 271 901 309; x_wconf 88' lang='lat' dir='ltr'><strong>et</strong></span> <span class='ocrx_word' id='word_1_6' title='bbox 945 259 1003 308; x_wconf 91' lang='lat' dir='ltr'><strong>ad</strong></span> <span class='ocrx_word' id='word_1_7' title='bbox 1046 258 1204 309; x_wconf 84' lang='lat' dir='ltr'><strong>ductus</strong></span> <span class='ocrx_word' id='word_1_8' title='bbox 1246 258 1474 309; x_wconf 84' lang='lat' dir='ltr'><strong>literarum</strong></span> <span class='ocrx_word' id='word_1_9' title='bbox 1522 261 1686 311; x_wconf 85' lang='lat' dir='ltr'><strong>leniore</strong></span> 
     </span>
     <span class='ocr_line' id='line_1_3' title="bbox 199 338 1683 407; baseline -0.001 -16"><span class='ocrx_word' id='word_1_10' title='bbox 199 350 244 391; x_wconf 76' lang='lat' dir='ltr'><strong>et</strong></span> <span class='ocrx_word' id='word_1_11' title='bbox 276 338 337 388; x_wconf 80' lang='lat' dir='ltr'><strong>ad</strong></span> <span class='ocrx_word' id='word_1_12' title='bbox 372 338 597 389; x_wconf 78' lang='lat' dir='ltr'><strong>Plutarchi</strong></span> <span class='ocrx_word' id='word_1_13' title='bbox 633 351 823 389; x_wconf 80' lang='lat' dir='ltr'><strong>mentem</strong></span> <span class='ocrx_word' id='word_1_14' title='bbox 859 357 951 387; x_wconf 90' lang='lat' dir='ltr'><strong>non</strong></span> <span class='ocrx_word' id='word_1_15' title='bbox 985 338 1133 389; x_wconf 79' lang='lat' dir='ltr'><strong>minus</strong></span> <span class='ocrx_word' id='word_1_16' title='bbox 1167 340 1512 398; x_wconf 85' lang='lat' dir='ltr'><strong>accommodata,</strong></span> <span class='ocrx_word' id='word_1_17' title='bbox 1550 359 1683 407; x_wconf 86' lang='lat' dir='ltr'><strong>quam</strong></span> 
     </span>
     <span class='ocr_line' id='line_1_4' title="bbox 197 418 1684 487; baseline 0.001 -19"><span class='ocrx_word' id='word_1_18' title='bbox 197 437 334 487; x_wconf 70' lang='lat' dir='ltr'><strong>supra</strong></span> <span class='ocrx_word' id='word_1_19' title='bbox 369 419 638 469; x_wconf 79' lang='lat' dir='ltr'>exhibemus.</span> <span class='ocrx_word' id='word_1_20' title='bbox 699 418 929 468; x_wconf 72' lang='lat' dir='ltr'>Gloriatur</span> <span class='ocrx_word' id='word_1_21' title='bbox 962 430 1116 484; x_wconf 86' lang='lat' dir='ltr'><strong>poeta,</strong></span> <span class='ocrx_word' id='word_1_22' title='bbox 1157 437 1204 468; x_wconf 94' lang='lat' dir='ltr'><strong>se</strong></span> <span class='ocrx_word' id='word_1_23' title='bbox 1249 431 1292 469; x_wconf 90' lang='lat' dir='ltr'><strong>et</strong></span> <span class='ocrx_word' id='word_1_24' title='bbox 1326 432 1480 469; x_wconf 79' lang='lat' dir='ltr'><strong>cantus</strong></span> <span class='ocrx_word' id='word_1_25' title='bbox 1515 432 1558 469; x_wconf 87' lang='lat' dir='ltr'><strong>et</strong></span> <span class='ocrx_word' id='word_1_26' title='bbox 1596 420 1684 469; x_wconf 92' lang='lat' dir='ltr'><strong>sal-</strong></span> 
     </span>
     <span class='ocr_line' id='line_1_5' title="bbox 197 497 1684 566; baseline -0.001 -17"><span class='ocrx_word' id='word_1_27' title='bbox 197 499 375 549; x_wconf 77' lang='lat' dir='ltr'>tationis</span> <span class='ocrx_word' id='word_1_28' title='bbox 421 518 522 549; x_wconf 88' lang='lat' dir='ltr'><strong>cnm</strong></span> <span class='ocrx_word' id='word_1_29' title='bbox 569 510 700 547; x_wconf 90' lang='lat' dir='ltr'><strong>cantu</strong></span> <span class='ocrx_word' id='word_1_30' title='bbox 746 497 998 547; x_wconf 85' lang='lat' dir='ltr'><strong>miscendae</strong></span> <span class='ocrx_word' id='word_1_31' title='bbox 1032 497 1222 563; x_wconf 88' lang='lat' dir='ltr'><strong>peritum</strong></span> <span class='ocrx_word' id='word_1_32' title='bbox 1259 517 1364 550; x_wconf 87' lang='lat' dir='ltr'><strong>esse.</strong></span> <span class='ocrx_word' id='word_1_33' title='bbox 1466 499 1512 550; x_wconf 85' lang='grc'><strong>4.</strong></span> <span class='ocrx_word' id='word_1_34' title='bbox 1547 499 1684 566; x_wconf 87' lang='lat' dir='ltr'>Apud</span> 
     </span>
     <span class='ocr_line' id='line_1_6' title="bbox 198 574 1681 636; baseline 0 -8"><span class='ocrx_word' id='word_1_35' title='bbox 198 577 485 628; x_wconf 78' lang='lat' dir='ltr'><strong>Plutarchum</strong></span> <span class='ocrx_word' id='word_1_36' title='bbox 520 578 654 627; x_wconf 81' lang='lat' dir='ltr'><strong>verba</strong></span> <span class='ocrx_word' id='word_1_37' title='bbox 689 574 741 624; x_wconf 79' lang='grc' dir='ltr'><strong>τό</strong></span> <span class='ocrx_word' id='word_1_38' title='bbox 770 576 807 624; x_wconf 72' lang='lat'><strong>‹3’</strong></span> <span class='ocrx_word' id='word_1_39' title='bbox 833 574 1030 636; x_wconf 74' lang='grc' dir='ltr'><strong><em>ὄργανον</em></strong></span> <span class='ocrx_word' id='word_1_40' title='bbox 1052 576 1308 627; x_wconf 79' lang='grc' dir='ltr'><strong><em>Μολοσσόν</em></strong></span> <span class='ocrx_word' id='word_1_41' title='bbox 1341 578 1555 635; x_wconf 82' lang='lat' dir='ltr'><strong>abscissa3</strong></span> <span class='ocrx_word' id='word_1_42' title='bbox 1589 598 1681 628; x_wconf 88' lang='lat' dir='ltr'><strong>ser-</strong></span> 
     </span>
     <span class='ocr_line' id='line_1_7' title="bbox 197 656 1681 724; baseline -0.001 -16"><span class='ocrx_word' id='word_1_43' title='bbox 197 659 312 708; x_wconf 80' lang='lat' dir='ltr'><strong>vavit</strong></span> <span class='ocrx_word' id='word_1_44' title='bbox 355 657 515 707; x_wconf 77' lang='lat' dir='ltr'><strong>Athen.</strong></span> <span class='ocrx_word' id='word_1_45' title='bbox 553 658 641 714; x_wconf 83' lang='lat' dir='ltr'><strong>lv,</strong></span> <span class='ocrx_word' id='word_1_46' title='bbox 686 675 730 724; x_wconf 89' lang='lat' dir='ltr'><strong>p.</strong></span> <span class='ocrx_word' id='word_1_47' title='bbox 769 657 890 714; x_wconf 85' lang='lat'><strong>181,</strong></span> <span class='ocrx_word' id='word_1_48' title='bbox 925 657 977 705; x_wconf 91' lang='grc' dir='ltr'><strong>Β.</strong></span> <span class='ocrx_word' id='word_1_49' title='bbox 1040 659 1129 705; x_wconf 77' lang='grc' dir='ltr'><strong>Καὶ</strong></span> <span class='ocrx_word' id='word_1_50' title='bbox 1162 656 1359 717; x_wconf 72' lang='grc' dir='ltr'><strong><em>Κρητικαὶ</em></strong></span> <span class='ocrx_word' id='word_1_51' title='bbox 1398 662 1589 707; x_wconf 75' lang='grc' dir='ltr'><strong><em>καλοῦσι</em></strong></span> <span class='ocrx_word' id='word_1_52' title='bbox 1628 657 1681 706; x_wconf 74' lang='grc' dir='ltr'><strong>τοὶ</strong></span> 
     </span>
     <span class='ocr_line' id='line_1_8' title="bbox 194 725 1679 799; baseline 0.001 -13"><span class='ocrx_word' id='word_1_53' title='bbox 194 725 511 799; x_wconf 69' lang='grc' dir='ltr'><strong><em>ὑπορχήματα·</em></strong></span> <span class='ocrx_word' id='word_1_54' title='bbox 567 740 759 797; x_wconf 81' lang='grc' dir='ltr'><strong><em>Κρῆτα</em></strong></span> <span class='ocrx_word' id='word_1_55' title='bbox 804 737 904 795; x_wconf 85' lang='grc' dir='ltr'><strong><em>μὲν</em></strong></span> <span class='ocrx_word' id='word_1_56' title='bbox 946 737 1211 783; x_wconf 78' lang='grc' dir='ltr'><strong><em>καλέουσι</em></strong></span> <span class='ocrx_word' id='word_1_57' title='bbox 1251 738 1485 797; x_wconf 89' lang='grc' dir='ltr'><strong><em>τρόπον·</em></strong></span> <span class='ocrx_word' id='word_1_58' title='bbox 1532 737 1592 789; x_wconf 72' lang='grc' dir='ltr'><strong>τό</strong></span> <span class='ocrx_word' id='word_1_59' title='bbox 1636 738 1679 788; x_wconf 75' lang='grc' dir='ltr'><strong>δ’</strong></span> 
     </span>
     <span class='ocr_line' id='line_1_9' title="bbox 194 814 1679 879; baseline 0.001 -13"><span class='ocrx_word' id='word_1_60' title='bbox 194 814 444 879; x_wconf 69' lang='grc' dir='ltr'><strong><em>ὄργανον</em></strong></span> <span class='ocrx_word' id='word_1_61' title='bbox 477 815 795 866; x_wconf 79' lang='grc' dir='ltr'><strong><em>Μολοσσόν.</em></strong></span> <span class='ocrx_word' id='word_1_62' title='bbox 865 818 1020 875; x_wconf 84' lang='grc' dir='ltr'><strong><em>Κρῆτα</em></strong></span> <span class='ocrx_word' id='word_1_63' title='bbox 1055 814 1342 866; x_wconf 85' lang='lat' dir='ltr'><strong>Plutarchus:</strong></span> <span class='ocrx_word' id='word_1_64' title='bbox 1388 818 1571 878; x_wconf 79' lang='grc' dir='ltr'><strong><em>Κρήταν</em></strong></span> <span class='ocrx_word' id='word_1_65' title='bbox 1606 836 1679 868; x_wconf 83' lang='lat' dir='ltr'><strong>co—</strong></span> 
     </span>
     <span class='ocr_line' id='line_1_10' title="bbox 193 895 1679 963; baseline -0.001 -16"><span class='ocrx_word' id='word_1_66' title='bbox 193 895 314 947; x_wconf 72' lang='lat' dir='ltr'><strong>dices</strong></span> <span class='ocrx_word' id='word_1_67' title='bbox 336 896 552 946; x_wconf 85' lang='lat' dir='ltr'><strong>Athenaei</strong></span> <span class='ocrx_word' id='word_1_68' title='bbox 579 895 617 943; x_wconf 91' lang='lat' dir='ltr'><strong>P</strong></span> <span class='ocrx_word' id='word_1_69' title='bbox 637 895 673 943; x_wconf 92' lang='lat' dir='ltr'>C</span> <span class='ocrx_word' id='word_1_70' title='bbox 708 906 750 944; x_wconf 89' lang='lat' dir='ltr'><strong>et</strong></span> <span class='ocrx_word' id='word_1_71' title='bbox 777 895 836 943; x_wconf 85' lang='lat' dir='ltr'><strong>ita</strong></span> <span class='ocrx_word' id='word_1_72' title='bbox 862 896 1054 961; x_wconf 87' lang='lat' dir='ltr'><strong>repperit</strong></span> <span class='ocrx_word' id='word_1_73' title='bbox 1080 895 1279 944; x_wconf 87' lang='lat' dir='ltr'><strong>Eustath.</strong></span> <span class='ocrx_word' id='word_1_74' title='bbox 1307 897 1438 944; x_wconf 88' lang='lat' dir='ltr'><strong>Hom.</strong></span> <span class='ocrx_word' id='word_1_75' title='bbox 1462 915 1505 963; x_wconf 93' lang='lat' dir='ltr'><strong>p.</strong></span> <span class='ocrx_word' id='word_1_76' title='bbox 1535 897 1679 953; x_wconf 86' lang='lat'><strong>1166,</strong></span> 
     </span>
     <span class='ocr_line' id='line_1_11' title="bbox 193 972 1680 1036; baseline -0.002 -11"><span class='ocrx_word' id='word_1_77' title='bbox 193 975 274 1027; x_wconf 78' lang='grc'><strong>49.</strong></span> <span class='ocrx_word' id='word_1_78' title='bbox 341 978 489 1036; x_wconf 73' lang='grc' dir='ltr'><strong><em>Κρησὶ</em></strong></span> <span class='ocrx_word' id='word_1_79' title='bbox 529 972 640 1022; x_wconf 66' lang='lat' dir='ltr'><strong>nata?</strong></span> <span class='ocrx_word' id='word_1_80' title='bbox 684 972 766 1034; x_wconf 79' lang='grc' dir='ltr'><strong><em>τήν</em></strong></span> <span class='ocrx_word' id='word_1_81' title='bbox 805 979 1007 1034; x_wconf 77' lang='grc' dir='ltr'><strong><em>ἱστορίαν</em></strong></span> <span class='ocrx_word' id='word_1_82' title='bbox 1050 974 1262 1035; x_wconf 72' lang='grc' dir='ltr'><strong><em>ἐπιχώρια</em></strong></span> <span class='ocrx_word' id='word_1_83' title='bbox 1304 974 1356 1022; x_wconf 90' lang='grc' dir='ltr'><strong>τό</strong></span> <span class='ocrx_word' id='word_1_84' title='bbox 1388 994 1433 1023; x_wconf 87' lang='grc' dir='ltr'><strong>τε</strong></span> <span class='ocrx_word' id='word_1_85' title='bbox 1467 980 1680 1035; x_wconf 79' lang='grc' dir='ltr'><strong><em>κυβιστᾶν</em></strong></span> 
     </span>
     <span class='ocr_line' id='line_1_12' title="bbox 191 1050 1681 1116; baseline -0.001 -13"><span class='ocrx_word' id='word_1_86' title='bbox 191 1058 267 1103; x_wconf 70' lang='lat' dir='ltr'><strong>nat</strong></span> <span class='ocrx_word' id='word_1_87' title='bbox 297 1053 326 1115; x_wconf 75' lang='grc' dir='ltr'><strong><em>ἡ</em></strong></span> <span class='ocrx_word' id='word_1_88' title='bbox 364 1052 567 1116; x_wconf 75' lang='grc' dir='ltr'><strong><em>ὄρχησις,</em></strong></span> <span class='ocrx_word' id='word_1_89' title='bbox 604 1053 666 1110; x_wconf 72' lang='grc' dir='ltr'><strong>ὥς</strong></span> <span class='ocrx_word' id='word_1_90' title='bbox 697 1058 771 1101; x_wconf 73' lang='grc' dir='ltr'><strong>καὶ</strong></span> <span class='ocrx_word' id='word_1_91' title='bbox 789 1050 996 1114; x_wconf 75' lang='grc' dir='ltr'><strong><em>’Ὅμηρος</em></strong></span> <span class='ocrx_word' id='word_1_92' title='bbox 1029 1055 1142 1111; x_wconf 81' lang='grc' dir='ltr'><strong><em>οἶδε,</em></strong></span> <span class='ocrx_word' id='word_1_93' title='bbox 1179 1058 1252 1101; x_wconf 80' lang='grc' dir='ltr'><strong>καὶ</strong></span> <span class='ocrx_word' id='word_1_94' title='bbox 1286 1054 1553 1115; x_wconf 81' lang='grc' dir='ltr'><strong><em>περιῄδοντο</em></strong></span> <span class='ocrx_word' id='word_1_95' title='bbox 1588 1063 1681 1109; x_wconf 86' lang='grc' dir='ltr'><strong><em>τοῖς</em></strong></span> 
     </span>
     <span class='ocr_line' id='line_1_13' title="bbox 189 1131 1677 1194; baseline -0.001 -12"><span class='ocrx_word' id='word_1_96' title='bbox 189 1133 326 1183; x_wconf 72' lang='grc' dir='ltr'><strong><em>πάλαι</em></strong></span> <span class='ocrx_word' id='word_1_97' title='bbox 369 1131 424 1181; x_wconf 73' lang='grc' dir='ltr'><strong>τοὶ</strong></span> <span class='ocrx_word' id='word_1_98' title='bbox 459 1133 656 1194; x_wconf 74' lang='grc' dir='ltr'><strong><em>Κρητικᾶ</em></strong></span> <span class='ocrx_word' id='word_1_99' title='bbox 702 1137 862 1194; x_wconf 78' lang='grc' dir='ltr'><strong><em>ἐμμελῆ</em></strong></span> <span class='ocrx_word' id='word_1_100' title='bbox 907 1132 1223 1193; x_wconf 79' lang='grc' dir='ltr'><strong><em>ὑπορχήματα.</em></strong></span> <span class='ocrx_word' id='word_1_101' title='bbox 1271 1136 1345 1179; x_wconf 79' lang='grc' dir='ltr'><strong>καὶ</strong></span> <span class='ocrx_word' id='word_1_102' title='bbox 1378 1132 1440 1181; x_wconf 75' lang='grc' dir='ltr'><strong>τό</strong></span> <span class='ocrx_word' id='word_1_103' title='bbox 1473 1135 1556 1193; x_wconf 86' lang='grc' dir='ltr'><strong><em>μὲν</em></strong></span> <span class='ocrx_word' id='word_1_104' title='bbox 1591 1131 1677 1193; x_wconf 79' lang='grc' dir='ltr'><strong>ὅρ-</strong></span> 
     </span>
     <span class='ocr_line' id='line_1_14' title="bbox 188 1211 1676 1274; baseline -0.001 -13"><span class='ocrx_word' id='word_1_105' title='bbox 188 1232 364 1274; x_wconf 68' lang='grc' dir='ltr'><strong><em>νανον</em></strong></span> <span class='ocrx_word' id='word_1_106' title='bbox 398 1215 657 1261; x_wconf 78' lang='grc' dir='ltr'><strong><em>ἐκαλεῖτο</em></strong></span> <span class='ocrx_word' id='word_1_107' title='bbox 692 1213 996 1273; x_wconf 86' lang='grc' dir='ltr'><strong><em>μολοσσόν·</em></strong></span> <span class='ocrx_word' id='word_1_108' title='bbox 1043 1211 1068 1259; x_wconf 83' lang='grc' dir='ltr'>ὁ</span> <span class='ocrx_word' id='word_1_109' title='bbox 1105 1216 1162 1259; x_wconf 75' lang='grc' dir='ltr'><strong>δὲ</strong></span> <span class='ocrx_word' id='word_1_110' title='bbox 1194 1211 1405 1271; x_wconf 80' lang='grc' dir='ltr'><strong><em>τρόπος</em></strong></span> <span class='ocrx_word' id='word_1_111' title='bbox 1438 1211 1676 1274; x_wconf 82' lang='grc' dir='ltr'><strong><em>Κρήτας,</em></strong></span> 
     </span>
     <span class='ocr_line' id='line_1_15' title="bbox 188 1289 1677 1351; baseline -0.001 -11"><span class='ocrx_word' id='word_1_112' title='bbox 188 1291 252 1348; x_wconf 70' lang='grc' dir='ltr'><strong>εἷς</strong></span> <span class='ocrx_word' id='word_1_113' title='bbox 293 1290 352 1340; x_wconf 76' lang='grc' dir='ltr'><strong><em>ἂν</em></strong></span> <span class='ocrx_word' id='word_1_114' title='bbox 393 1297 514 1341; x_wconf 79' lang='grc' dir='ltr'><strong><em>εἴποι</em></strong></span> <span class='ocrx_word' id='word_1_115' title='bbox 557 1312 622 1348; x_wconf 80' lang='grc' dir='ltr'><strong>τις</strong></span> <span class='ocrx_word' id='word_1_116' title='bbox 666 1292 911 1351; x_wconf 76' lang='grc' dir='ltr'><strong><em>Κρητικός·</em></strong></span> <span class='ocrx_word' id='word_1_117' title='bbox 966 1294 1040 1338; x_wconf 79' lang='grc' dir='ltr'><strong>καὶ</strong></span> <span class='ocrx_word' id='word_1_118' title='bbox 1087 1293 1178 1338; x_wconf 76' lang='grc' dir='ltr'><strong><em>ἐστὶ</em></strong></span> <span class='ocrx_word' id='word_1_119' title='bbox 1228 1289 1424 1350; x_wconf 81' lang='grc' dir='ltr'><strong><em>δωρικόν</em></strong></span> <span class='ocrx_word' id='word_1_120' title='bbox 1476 1289 1677 1351; x_wconf 79' lang='grc' dir='ltr'><strong><em>τοῦνομα</em></strong></span> 
     </span>
    </p>
   </div>
   <div class='ocr_carea' id='block_1_3' title="bbox 103 1368 1678 1435">
    <p class='ocr_par' dir='ltr' id='par_1_3' title="bbox 103 1368 1678 1435">
     <span class='ocr_line' id='line_1_16' title="bbox 103 1368 1678 1435; baseline 0.001 -15"><span class='ocrx_word' id='word_1_121' title='bbox 103 1395 114 1407; x_wconf 86' lang='lat'><strong>·</strong></span> <span class='ocrx_word' id='word_1_122' title='bbox 185 1368 349 1432; x_wconf 65' lang='grc' dir='ltr'><strong><em>ὅμοιον</em></strong></span> <span class='ocrx_word' id='word_1_123' title='bbox 380 1376 443 1435; x_wconf 79' lang='grc' dir='ltr'><strong>τῷ</strong></span> <span class='ocrx_word' id='word_1_124' title='bbox 478 1371 676 1431; x_wconf 78' lang='grc' dir='ltr'><strong><em>Νικήτας</em></strong></span> <span class='ocrx_word' id='word_1_125' title='bbox 707 1374 782 1417; x_wconf 81' lang='grc' dir='ltr'><strong>καὶ</strong></span> <span class='ocrx_word' id='word_1_126' title='bbox 815 1370 1030 1430; x_wconf 82' lang='grc' dir='ltr'><strong><em>Φιλήτας,</em></strong></span> <span class='ocrx_word' id='word_1_127' title='bbox 1072 1369 1175 1434; x_wconf 85' lang='lat' dir='ltr'><strong>(leg.</strong></span> <span class='ocrx_word' id='word_1_128' title='bbox 1212 1373 1409 1428; x_wconf 81' lang='grc' dir='ltr'><strong><em>Νικητᾶς</em></strong></span> <span class='ocrx_word' id='word_1_129' title='bbox 1442 1374 1514 1417; x_wconf 79' lang='grc' dir='ltr'><strong>καὶ</strong></span> <span class='ocrx_word' id='word_1_130' title='bbox 1548 1379 1678 1431; x_wconf 86' lang='grc' dir='ltr'><strong><em>Φιλη-</em></strong></span> 
     </span>
    </p>
   </div>
   <div class='ocr_carea' id='block_1_4' title="bbox 175 1447 1678 2713">
    <p class='ocr_par' dir='ltr' id='par_1_4' title="bbox 175 1447 1678 2713">
     <span class='ocr_line' id='line_1_17' title="bbox 183 1447 1678 1517; baseline 0.003 -19"><span class='ocrx_word' id='word_1_131' title='bbox 183 1453 283 1517; x_wconf 68' lang='grc' dir='ltr'><strong>τᾶς)</strong></span> <span class='ocrx_word' id='word_1_132' title='bbox 317 1447 384 1499; x_wconf 81' lang='grc' dir='ltr'><strong><em>ὦν</em></strong></span> <span class='ocrx_word' id='word_1_133' title='bbox 416 1449 471 1498; x_wconf 64' lang='lat' dir='ltr'><strong>td</strong></span> <span class='ocrx_word' id='word_1_134' title='bbox 503 1449 636 1498; x_wconf 71' lang='grc' dir='ltr'><strong><em>κοινά</em></strong></span> <span class='ocrx_word' id='word_1_135' title='bbox 670 1450 867 1510; x_wconf 78' lang='grc' dir='ltr'><strong><em>Νικήτης</em></strong></span> <span class='ocrx_word' id='word_1_136' title='bbox 908 1453 981 1497; x_wconf 78' lang='grc' dir='ltr'><strong>καὶ</strong></span> <span class='ocrx_word' id='word_1_137' title='bbox 1023 1449 1227 1509; x_wconf 83' lang='grc' dir='ltr'><strong><em>Φιλήτης.</em></strong></span> <span class='ocrx_word' id='word_1_138' title='bbox 1307 1449 1438 1498; x_wconf 89' lang='lat' dir='ltr'><strong>Unde</strong></span> <span class='ocrx_word' id='word_1_139' title='bbox 1474 1450 1678 1502; x_wconf 73' lang='lat' dir='ltr'><strong>Sosibius</strong></span> 
     </span>
     <span class='ocr_line' id='line_1_18' title="bbox 188 1527 1677 1599; baseline 0 -20"><span class='ocrx_word' id='word_1_140' title='bbox 188 1529 311 1599; x_wconf 77' lang='lat' dir='ltr'><strong>apud</strong></span> <span class='ocrx_word' id='word_1_141' title='bbox 348 1530 494 1579; x_wconf 87' lang='lat' dir='ltr'><strong>Schol.</strong></span> <span class='ocrx_word' id='word_1_142' title='bbox 530 1530 659 1580; x_wconf 90' lang='lat' dir='ltr'><strong>Pind.</strong></span> <span class='ocrx_word' id='word_1_143' title='bbox 694 1531 825 1599; x_wconf 78' lang='lat' dir='ltr'><strong>Pyth.</strong></span> <span class='ocrx_word' id='word_1_144' title='bbox 859 1530 930 1588; x_wconf 87' lang='lat' dir='ltr'><strong>Il,</strong></span> <span class='ocrx_word' id='word_1_145' title='bbox 968 1531 1076 1578; x_wconf 82' lang='lat'><strong>127.</strong></span> <span class='ocrx_word' id='word_1_146' title='bbox 1113 1527 1166 1576; x_wconf 75' lang='grc' dir='ltr'><strong>τοὶ</strong></span> <span class='ocrx_word' id='word_1_147' title='bbox 1198 1527 1538 1589; x_wconf 68' lang='grc' dir='ltr'><strong><em>ὑπορχηματικᾶ</em></strong></span> <span class='ocrx_word' id='word_1_148' title='bbox 1570 1533 1677 1590; x_wconf 76' lang='grc' dir='ltr'><strong><em>μέλη</em></strong></span> 
     </span>
     <span class='ocr_line' id='line_1_19' title="bbox 187 1607 1676 1675; baseline 0 -16"><span class='ocrx_word' id='word_1_149' title='bbox 187 1608 383 1671; x_wconf 74' lang='grc' dir='ltr'><strong><em>Κρητωιᾰ</em></strong></span> <span class='ocrx_word' id='word_1_150' title='bbox 425 1609 548 1668; x_wconf 73' lang='grc' dir='ltr'><strong><em>α’ξιοῐ</em></strong></span> <span class='ocrx_word' id='word_1_151' title='bbox 585 1612 813 1669; x_wconf 75' lang='grc' dir='ltr'><strong><em>λέγεσθαιε</em></strong></span> <span class='ocrx_word' id='word_1_152' title='bbox 863 1609 909 1656; x_wconf 88' lang='lat' dir='ltr'><strong>in</strong></span> <span class='ocrx_word' id='word_1_153' title='bbox 953 1608 1116 1675; x_wconf 88' lang='lat' dir='ltr'><strong>quibus</strong></span> <span class='ocrx_word' id='word_1_154' title='bbox 1163 1607 1432 1657; x_wconf 86' lang='lat' dir='ltr'><strong>excelluisset</strong></span> <span class='ocrx_word' id='word_1_155' title='bbox 1467 1609 1676 1660; x_wconf 89' lang='lat' dir='ltr'><strong>Thaletas</strong></span> 
     </span>
     <span class='ocr_line' id='line_1_20' title="bbox 185 1679 1674 1759; baseline -0.002 -20"><span class='ocrx_word' id='word_1_156' title='bbox 185 1689 444 1759; x_wconf 70' lang='lat' dir='ltr'><strong>Gortynius.</strong></span> <span class='ocrx_word' id='word_1_157' title='bbox 528 1679 660 1738; x_wconf 80' lang='lat' dir='ltr'><strong>Adde</strong></span> <span class='ocrx_word' id='word_1_158' title='bbox 704 1688 891 1738; x_wconf 84' lang='lat' dir='ltr'><strong>Suidam</strong></span> <span class='ocrx_word' id='word_1_159' title='bbox 941 1708 976 1735; x_wconf 86' lang='lat' dir='ltr'><strong>v.</strong></span> <span class='ocrx_word' id='word_1_160' title='bbox 1024 1687 1270 1749; x_wconf 79' lang='grc' dir='ltr'><strong><em>Κρητικός·</em></strong></span> <span class='ocrx_word' id='word_1_161' title='bbox 1325 1687 1501 1748; x_wconf 74' lang='grc' dir='ltr'><strong><em>ῥυθμός</em></strong></span> <span class='ocrx_word' id='word_1_162' title='bbox 1544 1691 1674 1746; x_wconf 81' lang='grc' dir='ltr'><strong><em>ἐστιν,</em></strong></span> 
     </span>
     <span class='ocr_line' id='line_1_21' title="bbox 182 1765 1676 1832; baseline -0.001 -14"><span class='ocrx_word' id='word_1_163' title='bbox 182 1765 304 1818; x_wconf 72' lang='grc' dir='ltr'><strong><em>οὕτω</em></strong></span> <span class='ocrx_word' id='word_1_164' title='bbox 339 1770 635 1831; x_wconf 72' lang='grc' dir='ltr'><strong><em>καλούμενος·</em></strong></span> <span class='ocrx_word' id='word_1_165' title='bbox 667 1767 1015 1829; x_wconf 79' lang='grc' dir='ltr'><strong><em>Ἀριστοφάνης·</em></strong></span> <span class='ocrx_word' id='word_1_166' title='bbox 1050 1767 1234 1832; x_wconf 88' lang='lat' dir='ltr'><strong>(Eccles.</strong></span> <span class='ocrx_word' id='word_1_167' title='bbox 1264 1768 1429 1831; x_wconf 88' lang='grc'><strong>1165.)</strong></span> <span class='ocrx_word' id='word_1_168' title='bbox 1464 1767 1676 1816; x_wconf 77' lang='grc' dir='ltr'><strong><em>ὑπανα·</em></strong></span> 
     </span>
     <span class='ocr_line' id='line_1_22' title="bbox 179 1846 1671 1917; baseline 0.002 -21"><span class='ocrx_word' id='word_1_169' title='bbox 179 1856 364 1898; x_wconf 74' lang='grc' dir='ltr'><strong><em>κινεῖν</em></strong></span> <span class='ocrx_word' id='word_1_170' title='bbox 409 1853 702 1910; x_wconf 82' lang='grc' dir='ltr'><strong><em>Κρητικῶς</em></strong></span> <span class='ocrx_word' id='word_1_171' title='bbox 744 1846 815 1896; x_wconf 74' lang='grc' dir='ltr'><strong>τοὶ</strong></span> <span class='ocrx_word' id='word_1_172' title='bbox 856 1848 1003 1896; x_wconf 79' lang='grc' dir='ltr'><strong><em>πόδε.</em></strong></span> <span class='ocrx_word' id='word_1_173' title='bbox 1091 1846 1195 1897; x_wconf 82' lang='lat' dir='ltr'><strong>Alio</strong></span> <span class='ocrx_word' id='word_1_174' title='bbox 1243 1848 1432 1914; x_wconf 82' lang='lat' dir='ltr'><strong>respexit</strong></span> <span class='ocrx_word' id='word_1_175' title='bbox 1479 1849 1671 1917; x_wconf 85' lang='lat' dir='ltr'><strong>Hcsych.</strong></span> 
     </span>
     <span class='ocr_line' id='line_1_23' title="bbox 179 1926 1672 1994; baseline -0.001 -16"><span class='ocrx_word' id='word_1_176' title='bbox 179 1933 338 1990; x_wconf 75' lang='grc' dir='ltr'><strong><em>Κρῆτα</em></strong></span> <span class='ocrx_word' id='word_1_177' title='bbox 382 1930 576 1989; x_wconf 78' lang='grc' dir='ltr'><strong><em>τρόπον·</em></strong></span> <span class='ocrx_word' id='word_1_178' title='bbox 624 1926 675 1975; x_wconf 79' lang='grc' dir='ltr'><strong>τό</strong></span> <span class='ocrx_word' id='word_1_179' title='bbox 723 1930 942 1982; x_wconf 68' lang='grc' dir='ltr'><strong><em>παιδικοῖς</em></strong></span> <span class='ocrx_word' id='word_1_180' title='bbox 982 1930 1189 1987; x_wconf 77' lang='grc' dir='ltr'><strong><em>χρῆσθαι.</em></strong></span> <span class='ocrx_word' id='word_1_181' title='bbox 1261 1927 1426 1975; x_wconf 83' lang='lat' dir='ltr'><strong>Confer</strong></span> <span class='ocrx_word' id='word_1_182' title='bbox 1466 1927 1672 1994; x_wconf 80' lang='lat' dir='ltr'><strong>Prolegg.</strong></span> 
     </span>
     <span class='ocr_line' id='line_1_24' title="bbox 182 2005 1672 2074; baseline 0.001 -19"><span class='ocrx_word' id='word_1_183' title='bbox 182 2021 223 2074; x_wconf 83' lang='lat' dir='ltr'><strong>p.</strong></span> <span class='ocrx_word' id='word_1_184' title='bbox 269 2008 375 2058; x_wconf 83' lang='lat' dir='ltr'><strong>Lll.</strong></span> <span class='ocrx_word' id='word_1_185' title='bbox 422 2038 491 2047; x_wconf 90' lang='lat'><em>-</em></span> <span class='ocrx_word' id='word_1_186' title='bbox 562 2007 735 2057; x_wconf 85' lang='lat' dir='ltr'><strong>Ibidem</strong></span> <span class='ocrx_word' id='word_1_187' title='bbox 780 2008 830 2055; x_wconf 77' lang='grc' dir='ltr'><strong>δέ</strong></span> <span class='ocrx_word' id='word_1_188' title='bbox 875 2025 951 2066; x_wconf 81' lang='grc' dir='ltr'><strong><em>μιν</em></strong></span> <span class='ocrx_word' id='word_1_189' title='bbox 994 2005 1273 2074; x_wconf 80' lang='lat' dir='ltr'><strong>scripsimus:</strong></span> <span class='ocrx_word' id='word_1_190' title='bbox 1319 2005 1584 2056; x_wconf 83' lang='lat' dir='ltr'><strong>Plutarchus</strong></span> <span class='ocrx_word' id='word_1_191' title='bbox 1631 2021 1672 2057; x_wconf 86' lang='lat' dir='ltr'><strong>et</strong></span> 
     </span>
     <span class='ocr_line' id='line_1_25' title="bbox 181 2083 1670 2148; baseline 0.001 -12"><span class='ocrx_word' id='word_1_192' title='bbox 181 2086 396 2137; x_wconf 77' lang='lat' dir='ltr'><strong>Athenaei</strong></span> <span class='ocrx_word' id='word_1_193' title='bbox 431 2088 568 2137; x_wconf 83' lang='lat' dir='ltr'><strong>codex</strong></span> <span class='ocrx_word' id='word_1_194' title='bbox 604 2089 641 2137; x_wconf 92' lang='lat' dir='ltr'><strong>P</strong></span> <span class='ocrx_word' id='word_1_195' title='bbox 677 2088 779 2148; x_wconf 70' lang='grc' dir='ltr'><strong><em>μὲνς</em></strong></span> <span class='ocrx_word' id='word_1_196' title='bbox 823 2085 924 2135; x_wconf 76' lang='lat' dir='ltr'><strong>libii</strong></span> <span class='ocrx_word' id='word_1_197' title='bbox 960 2085 1064 2135; x_wconf 89' lang='lat' dir='ltr'><strong>editi</strong></span> <span class='ocrx_word' id='word_1_198' title='bbox 1099 2098 1264 2136; x_wconf 85' lang='lat' dir='ltr'><strong>veteres</strong></span> <span class='ocrx_word' id='word_1_199' title='bbox 1298 2083 1408 2145; x_wconf 75' lang='grc' dir='ltr'><strong><em>μήν,</em></strong></span> <span class='ocrx_word' id='word_1_200' title='bbox 1459 2087 1599 2138; x_wconf 85' lang='lat' dir='ltr'><strong>codex</strong></span> <span class='ocrx_word' id='word_1_201' title='bbox 1635 2088 1670 2137; x_wconf 84' lang='lat' dir='ltr'>C</span> 
     </span>
     <span class='ocr_line' id='line_1_26' title="bbox 178 2164 1668 2233; baseline 0.003 -20"><span class='ocrx_word' id='word_1_202' title='bbox 178 2184 247 2222; x_wconf 72' lang='lat' dir='ltr'><strong>u,-</strong></span> <span class='ocrx_word' id='word_1_203' title='bbox 282 2184 358 2224; x_wconf 80' lang='grc' dir='ltr'><strong><em>μιν</em></strong></span> <span class='ocrx_word' id='word_1_204' title='bbox 392 2166 696 2218; x_wconf 79' lang='lat' dir='ltr'><strong>Casaubonus.</strong></span> <span class='ocrx_word' id='word_1_205' title='bbox 753 2166 956 2233; x_wconf 88' lang='lat' dir='ltr'><strong>Denique</strong></span> <span class='ocrx_word' id='word_1_206' title='bbox 990 2166 1200 2213; x_wconf 76' lang='grc' dir='ltr'><strong><em>καλέουσι</em></strong></span> <span class='ocrx_word' id='word_1_207' title='bbox 1233 2164 1458 2215; x_wconf 83' lang='lat' dir='ltr'><strong>edebatur.</strong></span> <span class='ocrx_word' id='word_1_208' title='bbox 1521 2167 1668 2233; x_wconf 80' lang='lat' dir='ltr'><strong>Orga-</strong></span> 
     </span>
     <span class='ocr_line' id='line_1_27' title="bbox 181 2245 1668 2314; baseline 0.002 -20"><span class='ocrx_word' id='word_1_209' title='bbox 181 2264 286 2295; x_wconf 87' lang='lat' dir='ltr'><strong>num</strong></span> <span class='ocrx_word' id='word_1_210' title='bbox 323 2245 569 2295; x_wconf 78' lang='lat' dir='ltr'><strong>Molossum</strong></span> <span class='ocrx_word' id='word_1_211' title='bbox 605 2245 735 2314; x_wconf 87' lang='lat' dir='ltr'><strong>quale</strong></span> <span class='ocrx_word' id='word_1_212' title='bbox 771 2246 903 2295; x_wconf 84' lang='lat' dir='ltr'><strong>suerit</strong></span> <span class='ocrx_word' id='word_1_213' title='bbox 936 2264 1027 2294; x_wconf 90' lang='lat' dir='ltr'><strong>non</strong></span> <span class='ocrx_word' id='word_1_214' title='bbox 1063 2255 1256 2294; x_wconf 80' lang='lat' dir='ltr'><strong>constat:</strong></span> <span class='ocrx_word' id='word_1_215' title='bbox 1289 2264 1430 2311; x_wconf 83' lang='lat' dir='ltr'><strong>genus</strong></span> <span class='ocrx_word' id='word_1_216' title='bbox 1465 2246 1668 2297; x_wconf 68' lang='lat' dir='ltr'><strong>aulon-um</strong></span> 
     </span>
     <span class='ocr_line' id='line_1_28' title="bbox 178 2324 1669 2391; baseline -0.001 -16"><span class='ocrx_word' id='word_1_217' title='bbox 178 2325 405 2375; x_wconf 78' lang='lat' dir='ltr'><strong>crassioris</strong></span> <span class='ocrx_word' id='word_1_218' title='bbox 441 2325 501 2374; x_wconf 82' lang='lat' dir='ltr'><strong>fili</strong></span> <span class='ocrx_word' id='word_1_219' title='bbox 539 2326 673 2375; x_wconf 85' lang='lat' dir='ltr'><strong>fnisse</strong></span> <span class='ocrx_word' id='word_1_220' title='bbox 707 2326 934 2391; x_wconf 84' lang='lat' dir='ltr'><strong>conjectes.</strong></span> <span class='ocrx_word' id='word_1_221' title='bbox 1013 2324 1234 2374; x_wconf 86' lang='lat' dir='ltr'><strong>Videntur</strong></span> <span class='ocrx_word' id='word_1_222' title='bbox 1266 2324 1449 2375; x_wconf 88' lang='lat' dir='ltr'><strong>omnino</strong></span> <span class='ocrx_word' id='word_1_223' title='bbox 1484 2326 1669 2376; x_wconf 81' lang='lat' dir='ltr'><strong>Molossi</strong></span> 
     </span>
     <span class='ocr_line' id='line_1_29' title="bbox 178 2404 1667 2472; baseline 0 -17"><span class='ocrx_word' id='word_1_224' title='bbox 178 2406 391 2455; x_wconf 76' lang='lat' dir='ltr'><strong>musicam</strong></span> <span class='ocrx_word' id='word_1_225' title='bbox 430 2405 656 2471; x_wconf 88' lang='lat' dir='ltr'><strong>quandam</strong></span> <span class='ocrx_word' id='word_1_226' title='bbox 693 2417 831 2455; x_wconf 88' lang='lat' dir='ltr'><strong>artem</strong></span> <span class='ocrx_word' id='word_1_227' title='bbox 868 2404 1127 2472; x_wconf 82' lang='lat' dir='ltr'><strong>popularem</strong></span> <span class='ocrx_word' id='word_1_228' title='bbox 1163 2404 1402 2455; x_wconf 86' lang='lat' dir='ltr'><strong>excoluisse</strong></span> <span class='ocrx_word' id='word_1_229' title='bbox 1443 2424 1532 2454; x_wconf 89' lang='lat' dir='ltr'><strong>non</strong></span> <span class='ocrx_word' id='word_1_230' title='bbox 1570 2423 1667 2471; x_wconf 85' lang='lat' dir='ltr'><strong>per·</strong></span> 
     </span>
     <span class='ocr_line' id='line_1_30' title="bbox 175 2484 1665 2554; baseline -0.001 -19"><span class='ocrx_word' id='word_1_231' title='bbox 175 2486 415 2541; x_wconf 75' lang='lat' dir='ltr'><strong>functorie,</strong></span> <span class='ocrx_word' id='word_1_232' title='bbox 466 2506 488 2533; x_wconf 80' lang='lat' dir='ltr'><strong>a</strong></span> <span class='ocrx_word' id='word_1_233' title='bbox 540 2486 701 2552; x_wconf 87' lang='lat' dir='ltr'><strong>quibus</strong></span> <span class='ocrx_word' id='word_1_234' title='bbox 736 2505 816 2554; x_wconf 90' lang='lat' dir='ltr'><strong>pes</strong></span> <span class='ocrx_word' id='word_1_235' title='bbox 850 2485 922 2534; x_wconf 85' lang='lat' dir='ltr'><strong>ille</strong></span> <span class='ocrx_word' id='word_1_236' title='bbox 959 2484 1291 2534; x_wconf 84' lang='lat' dir='ltr'><strong>molestissimus</strong></span> <span class='ocrx_word' id='word_1_237' title='bbox 1326 2503 1489 2534; x_wconf 88' lang='lat' dir='ltr'><strong>nomen</strong></span> <span class='ocrx_word' id='word_1_238' title='bbox 1526 2496 1665 2535; x_wconf 81' lang='lat' dir='ltr'><strong>traxe-</strong></span> 
     </span>
     <span class='ocr_line' id='line_1_31' title="bbox 179 2563 1668 2633; baseline -0.001 -19"><span class='ocrx_word' id='word_1_239' title='bbox 179 2565 257 2615; x_wconf 79' lang='lat' dir='ltr'><strong>rit:</strong></span> <span class='ocrx_word' id='word_1_240' title='bbox 294 2566 413 2615; x_wconf 86' lang='lat' dir='ltr'><strong>haud</strong></span> <span class='ocrx_word' id='word_1_241' title='bbox 452 2566 648 2633; x_wconf 78' lang='lat' dir='ltr'><strong>profecto</strong></span> <span class='ocrx_word' id='word_1_242' title='bbox 684 2577 857 2614; x_wconf 87' lang='lat' dir='ltr'><strong>temere.</strong></span> <span class='ocrx_word' id='word_1_243' title='bbox 907 2565 961 2613; x_wconf 85' lang='lat' dir='ltr'><strong>Et</strong></span> <span class='ocrx_word' id='word_1_244' title='bbox 994 2563 1268 2614; x_wconf 84' lang='lat' dir='ltr'><strong>saltationem</strong></span> <span class='ocrx_word' id='word_1_245' title='bbox 1305 2563 1532 2630; x_wconf 85' lang='lat' dir='ltr'><strong>quandam</strong></span> <span class='ocrx_word' id='word_1_246' title='bbox 1562 2564 1668 2630; x_wconf 75' lang='lat' dir='ltr'><strong>ipsis</strong></span> 
     </span>
     <span class='ocr_line' id='line_1_32' title="bbox 179 2641 1666 2713; baseline -0.003 -18"><span class='ocrx_word' id='word_1_247' title='bbox 179 2646 404 2713; x_wconf 74' lang='lat' dir='ltr'><strong>propriant</strong></span> <span class='ocrx_word' id='word_1_248' title='bbox 444 2645 575 2694; x_wconf 79' lang='lat' dir='ltr'><strong>fuisse</strong></span> <span class='ocrx_word' id='word_1_249' title='bbox 612 2644 761 2712; x_wconf 88' lang='lat' dir='ltr'><strong>prodit</strong></span> <span class='ocrx_word' id='word_1_250' title='bbox 798 2644 955 2693; x_wconf 84' lang='lat' dir='ltr'><strong>Athen.</strong></span> <span class='ocrx_word' id='word_1_251' title='bbox 992 2642 1123 2700; x_wconf 79' lang='lat' dir='ltr'><strong>XIV,</strong></span> <span class='ocrx_word' id='word_1_252' title='bbox 1156 2663 1198 2711; x_wconf 89' lang='lat' dir='ltr'><strong>p.</strong></span> <span class='ocrx_word' id='word_1_253' title='bbox 1237 2646 1359 2701; x_wconf 79' lang='lat'><strong>629,</strong></span> <span class='ocrx_word' id='word_1_254' title='bbox 1394 2644 1446 2692; x_wconf 91' lang='lat' dir='ltr'><strong>D.</strong></span> <span class='ocrx_word' id='word_1_255' title='bbox 1522 2641 1586 2691; x_wconf 74' lang='lat' dir='ltr'><strong>To?</strong></span> <span class='ocrx_word' id='word_1_256' title='bbox 1620 2646 1666 2692; x_wconf 74' lang='grc' dir='ltr'><strong>δὲ</strong></span> 
     </span>
    </p>
   </div>
   <div class='ocr_carea' id='block_1_5' title="bbox 178 2719 1667 2852">
    <p class='ocr_par' dir='ltr' id='par_1_5' title="bbox 178 2719 1667 2852">
     <span class='ocr_line' id='line_1_33' title="bbox 178 2719 1667 2785; baseline -0.002 -12"><span class='ocrx_word' id='word_1_257' title='bbox 178 2726 472 2785; x_wconf 59' lang='lat' dir='ltr'><strong>“aimoinum</strong></span> <span class='ocrx_word' id='word_1_258' title='bbox 510 2729 579 2771; x_wconf 81' lang='grc' dir='ltr'><strong>καὶ</strong></span> <span class='ocrx_word' id='word_1_259' title='bbox 615 2724 904 2782; x_wconf 66' lang='grc' dir='ltr'><strong><em>ποικιλώτερα</em></strong></span> <span class='ocrx_word' id='word_1_260' title='bbox 939 2726 1011 2770; x_wconf 74' lang='grc' dir='ltr'><strong>καὶ</strong></span> <span class='ocrx_word' id='word_1_261' title='bbox 1043 2719 1125 2781; x_wconf 77' lang='grc' dir='ltr'><strong><em>τήν</em></strong></span> <span class='ocrx_word' id='word_1_262' title='bbox 1151 2721 1338 2784; x_wconf 82' lang='grc' dir='ltr'><strong><em>ὄρχησιν</em></strong></span> <span class='ocrx_word' id='word_1_263' title='bbox 1359 2721 1667 2784; x_wconf 74' lang='grc' dir='ltr'><strong><em>ἁπλουστέραν</em></strong></span> 
     </span>
     <span class='ocr_line' id='line_1_34' title="bbox 1314 2804 1395 2852; baseline 0 -23"><span class='ocrx_word' id='word_1_264' title='bbox 1314 2804 1348 2852; x_wconf 80' lang='grc'>8</span> <span class='ocrx_word' id='word_1_265' title='bbox 1369 2804 1395 2829; x_wconf 66' lang='lat'>0</span> 
     </span>
    </p>
   </div>
  </div>
 </body>
</html>
