1826 3138
898 225 946 259 Vl

190 350 418 417 disciplina
461 349 568 397 haec
614 347 906 414 antiquitatis,
962 346 1007 393 in
1063 363 1150 411 qua
1205 345 1352 393 omnia
1402 343 1530 392 nobis
1570 345 1651 393 sita

188 454 290 491 sunt
324 439 486 506 gaudia
522 439 658 506 vitae,
700 449 911 504 quantum
957 435 1135 501 quidem
1178 436 1224 483 in
1259 435 1386 483 nobis
1421 435 1476 483 sit
1510 453 1651 484 acces-

187 533 308 580 sione
343 529 535 596 quadam
571 528 848 595 quantumvis
883 526 1002 575 tenui
1037 525 1110 573 illa
1144 525 1452 594 locupletetur,
1495 525 1652 573 veritas

187 622 379 671 studiose
413 619 667 684 indagetur,
720 616 861 666 valere
895 616 1099 681 jubeatur
1134 605 1265 664 error.
1334 616 1426 663 Nos
1460 633 1572 681 quae
1606 615 1651 662 in

186 731 360 779 quoque
412 709 635 758 laudanda
687 726 799 774 quae
841 707 1127 772 vituperanda
1173 707 1443 763 viderentur,
1494 717 1653 771 aperte,

186 815 233 851 ut
270 803 411 850 facere
447 799 772 857 consuevimus,
820 811 861 847 et
904 798 1092 861 ingenue
1129 796 1402 844 laudavimus
1435 795 1652 862 vitupera-

184 894 335 941 vimus.

319 981 471 1028 Finem
503 979 663 1027 faciam
689 978 791 1026 huic
816 977 1046 1044 praefandi
1070 977 1242 1025 muneri
1271 976 1309 1024 si
1339 976 1500 1041 gratias
1523 993 1653 1040 egero

183 1069 466 1120 DISSENIO
503 1081 546 1117 et
578 1068 936 1126 MUELLERO,
981 1069 1055 1133 qui
1097 1067 1336 1116 identidem
1382 1085 1408 1114 a
1443 1085 1512 1115 me
1545 1085 1651 1115 con-

183 1161 283 1210 sulti
329 1180 374 1209 se
429 1159 739 1226 praestiterunt
785 1177 858 1206 eos
908 1158 984 1224 qui
1045 1176 1219 1224 semper
1260 1157 1306 1205 in
1349 1175 1419 1205 me
1462 1157 1650 1205 fuerunt

183 1253 395 1299 Praesens
430 1250 638 1298 auxilium
674 1249 868 1297 tulerunt
908 1248 990 1296 viri
1025 1248 1367 1312 conjunctissimi
1413 1248 1462 1296 F.
1496 1246 1652 1295 Bm-

181 1341 507 1390 BERGERUS
552 1353 592 1389 et
640 1340 739 1387 AD.
785 1339 1116 1394 EMPERIUS,
1159 1339 1319 1405 quibus
1360 1337 1472 1385 nihil
1510 1354 1653 1402 neque

182 1432 431 1495 candidius·
448 1449 590 1495 neque
626 1429 836 1477 eruditius
871 1429 979 1493 fingi
1012 1439 1176 1494 potest:
1215 1447 1266 1475 ex
1292 1426 1453 1492 quibus
1483 1426 1552 1474 vel
1573 1444 1655 1492 per

182 1522 416 1569 familiares
461 1538 682 1569 sermones
729 1518 795 1566 vel
843 1519 955 1583 justa
1001 1518 1294 1583 disputatione
1339 1516 1466 1565 elicui
1515 1515 1654 1564 multa

181 1630 292 1678 quae
326 1623 479 1677 poetae
514 1594 612 1658 meo
647 1609 854 1657 salutaria
890 1620 1031 1656 essent
1067 1607 1237 1655 futura:
1274 1606 1342 1654 his
1366 1624 1530 1671 magna
1549 1624 1653 1672 pars

182 1721 333 1750 eorum
386 1714 561 1767 accepta
607 1699 837 1748 referenda
881 1710 964 1756 est,
1024 1717 1136 1763 quae
1183 1695 1431 1763 probabilia
1476 1697 1524 1744 in
1569 1696 1653 1744 hoc

182 1793 294 1839 libro
339 1793 523 1840 inerunt.
603 1790 855 1838 Praeclaras
902 1787 1116 1854 quasdam
1164 1786 1409 1835 difficilium
1455 1787 1652 1835 locorum

182 1883 507 1931 emendationes
549 1900 630 1947 per
672 1881 817 1929 literas
860 1898 1032 1928 mecum
1077 1877 1415 1926 communicavit
1447 1878 1652 1926 suavissi-

182 1992 280 2021 mus
316 1991 437 2021 meus
472 1973 567 2019 ΤΗ.
604 1970 936 2027 BERGKIUS,
971 1970 1039 2017 cui
1074 1969 1243 2016 utinam
1280 1967 1400 2034 apud
1433 1968 1652 2016 Borussos

184 2065 218 2111 is
255 2063 374 2111 locus
409 2063 621 2127 obtingat,
657 2063 731 2128 qui
766 2062 811 2109 in
848 2060 1039 2109 Saxonia
1073 2059 1215 2125 patria
1250 2070 1435 2122 negatus
1468 2057 1650 2106 videtur.

187 2156 333 2201 Unum
370 2153 497 2200 nobis
542 2153 779 2200 dolendum
817 2136 880 2200 esi
914 2151 1018 2209 hoc,
1063 2151 1117 2197 Η.
1153 2149 1291 2197 ulrici
1333 2148 1521 2205 librum,
1563 2165 1652 2214 quo

184 2244 327 2308 poesis
362 2243 630 2291 Graecorum
667 2243 828 2311 lyricae
863 2241 1088 2290 historiam
1126 2239 1428 2297 adumbravit,
1462 2257 1560 2286 sero
1594 2236 1652 2285 ad

184 2353 264 2381 nos
299 2333 512 2399 perlatum
561 2352 652 2382 esse
689 2353 820 2399 quam
863 2332 987 2397 cujus
1022 2332 1233 2379 rationem
1268 2322 1449 2395 possem·
1477 2328 1650 2376 habere.

186 2424 331 2484 Quam
370 2425 579 2488 jacturam
625 2424 709 2471 alio
754 2424 887 2471 modo
930 2422 1089 2470 sarcire
1126 2421 1396 2469 conabimur.
1476 2417 1652 2468 Scribe-

188 2514 286 2560 bam
325 2514 596 2578 Brunsvigae
634 2533 779 2562 mense
816 2514 1062 2590 Septembri
1097 2512 1485 2560 MDCCCXXXV.
