1826 3080
892 107 990 155 140

187 245 520 311 Epigrammate
555 242 673 299 CLI,
716 246 760 290 2.
811 242 974 301 ῥήμασι
1008 243 1271 303 πειθόμενοι
1314 244 1521 296 maluerit
1554 264 1680 297 more

186 325 435 381 Laconum,
483 341 618 388 quam
668 320 929 380 πευθόμενοι
970 326 1178 381 νομίμοις
1219 323 1391 390 vulgari
1436 326 1574 377 modo
1607 327 1678 377 di-

186 422 306 460 cere;
350 415 400 451 ut
442 402 594 468 Epigr.
633 401 773 458 CCX,
814 401 856 449 1.
915 401 1132 462 Κόρκυρα
1175 404 1345 470 potius,
1390 423 1527 472 quam
1568 409 1679 470 Κέρ-

184 502 300 543 κυρα
347 501 447 531 cum
492 480 672 546 reliquis
717 480 902 529 Graecis
944 480 1124 540 dixerit,
1168 494 1218 531 ut
1259 483 1306 532 in
1341 484 1490 535 Attico
1523 485 1676 554 Epiflr.

186 562 391 620 CCVIII,
431 562 470 608 1.
518 560 690 608 Ἀθάνα
724 561 872 627 potius
908 579 1043 627 quam
1079 560 1320 624 Ἀθηναῶη,
1354 578 1404 615 ut
1437 566 1486 616 in
1515 566 1679 617 Ionicis

185 643 358 709 Epigrr.
406 641 506 697 CC,
554 644 596 688 2.
647 652 689 688 et
723 641 909 699 CCXV,
955 644 1022 698 3.;
1063 642 1182 691 idem
1231 643 1468 695 dialectum
1515 647 1681 714 aptavit

184 722 352 788 patriae
395 739 548 769 eorum
602 720 859 779 hominum,
912 740 1103 787 quorum
1157 723 1204 771 in
1255 725 1446 790 gratiam
1499 734 1679 776 carmen

182 801 413 850 condebat.
471 800 719 849 Ionicam
754 801 934 867 igitur
970 801 1274 852 dialectum
1309 803 1483 854 habes
1517 804 1574 853 in
1606 804 1679 854 iis

183 881 646 947 Epigrammatis‚
713 900 856 947 quae
898 882 1223 931 hominibus
1272 883 1486 933 Ionicis
1532 884 1679 934 sori-

180 961 317 1027 psit‚
352 960 618 1008 Doricam
655 979 796 1025 quae
831 961 1234 1020 Doriensibus‚
1267 973 1542 1011 vetustam
1575 962 1679 1013 Ant—

183 1040 350 1087 ticam
386 1039 444 1087 in
479 1039 577 1097 iis,
613 1058 752 1105 quae
786 1040 1006 1089 Atticis.
1084 1042 1255 1090 Tamen
1290 1042 1376 1091 hoc
1411 1043 1676 1093 notandum.

182 1120 298 1167 Nam
333 1137 473 1184 quum
498 1119 835 1184 Epigrammata
870 1120 1016 1186 poesis
1051 1133 1315 1170 ornamenta
1346 1122 1579 1188 paullatim
1605 1141 1678 1172 te-

182 1199 399 1264 cepissent
441 1210 483 1246 et
528 1197 587 1246 ad
631 1198 859 1267 fastigium
906 1199 1136 1264 quoddam
1182 1201 1289 1248 artis
1339 1213 1484 1251 essent
1515 1214 1677 1260 evecta,

183 1279 423 1343 Epicorum
466 1297 611 1326 sermo
656 1297 739 1344 pro
785 1277 1075 1327 fundamento
1113 1292 1206 1328 erat
1238 1279 1502 1339 habendus,
1547 1293 1603 1330 ut
1631 1281 1678 1330 in

182 1359 304 1406 omni
340 1375 500 1422 genere
535 1357 693 1424 poesis.
743 1357 836 1422 Qui
873 1357 932 1405 ad
967 1358 1159 1424 patriam
1193 1359 1429 1410 hominum
1462 1360 1678 1419 variabat,

181 1437 260 1485 sed
294 1437 379 1495 ita,
424 1449 473 1485 ut
506 1437 671 1486 Dorica
707 1437 920 1486 dialectus
956 1437 1262 1487 excluderetur
1296 1458 1370 1499 ea,
1411 1458 1527 1507 quae
1558 1458 1676 1489 nun·

181 1538 317 1585 quam
362 1529 536 1584 recepta
587 1530 652 1566 est
692 1518 739 1566 in
781 1536 931 1567 veram
974 1519 1130 1585 poesin
1177 1531 1329 1586 utpote
1370 1518 1610 1587 popularis·
1634 1530 1679 1568 et

183 1597 367 1664 plebeja.
449 1597 649 1646 Calidius
690 1599 996 1670 Hermannus·
1020 1598 1067 1646 in
1113 1598 1421 1648 dissertatione
1462 1599 1520 1648 de
1552 1600 1678 1648 Dua-

182 1678 266 1725 bus
303 1677 526 1742 Inscriptt.
565 1677 666 1724 Grr.
701 1676 879 1743 Lipsiae
918 1677 1060 1726 1835.
1098 1678 1215 1727 edita
1250 1698 1292 1746 p.
1321 1680 1366 1727 8.
1401 1679 1676 1746 »Epigram-

182 1769 301 1806 mata
335 1757 518 1805 metrica
552 1775 644 1805 non
679 1757 891 1806 usitatum
922 1758 1007 1806 suit
1037 1775 1088 1806 ea
1111 1758 1298 1807 dialecto
1319 1758 1528 1816 scribere,
1561 1773 1677 1824 quae

183 1838 295 1886 ultra
319 1837 468 1903 Epicis
505 1855 736 1885 concessas
771 1837 949 1886 dicendi
983 1837 1151 1887 formas
1187 1838 1246 1886 ad
1273 1836 1678 1887 domesticamlin-

181 1935 314 1981 guam
353 1927 596 1964 reverteret.
609 1937 630 1957 «
699 1919 867 1965 Verum
903 1917 1162 1967 inficiuntur
1194 1917 1374 1983 linguae
1409 1917 1676 1967 domesticae

180 2007 528 2063 temperamento
584 2014 635 2044 ea
684 1996 1043 2063 Epigrammata,
1099 2017 1213 2065 quae
1257 2010 1351 2047 arte
1399 1997 1518 2046 facta
1557 2008 1677 2056 sunt,

182 2091 228 2125 ut
263 2075 543 2133 Simonidea‚
586 2075 917 2126 Anacreontea:
962 2077 1035 2127 alii
1076 2090 1232 2146 poetae
1277 2077 1337 2126 ad
1386 2075 1676 2127 domesticam

183 2157 379 2222 linguam
416 2167 631 2204 revertere
665 2175 759 2205 non
795 2156 1072 2216 dubitarunt,
1105 2157 1240 2207 veluti
1274 2156 1351 2223 qui
1387 2157 1436 2206 in
1467 2155 1678 2207 mauflms

180 2249 246 2285 est
278 2236 600 2284 Theodoridas.
646 2236 719 2285 Ab
756 2236 988 2288 Simonide
1023 2236 1376 2303 abjudicandum
1413 2234 1498 2284 fuit
1522 2235 1677 2302 Epigr.

185 2317 405 2364 Incertum
429 2316 462 2362 Ι.
498 2316 565 2363 vel
601 2316 659 2364 ob
694 2316 811 2365 hanc
846 2317 1080 2375 rationem,
1115 2316 1238 2383 quod
1269 2316 1471 2384 plebejae
1505 2314 1677 2366 formae

181 2396 223 2443 in
262 2414 313 2442 eo
350 2407 608 2460 comparent
653 2396 709 2444 ab
746 2397 1020 2446 carminibus
1055 2397 1324 2446 Simonideis
1369 2395 1674 2451 alienissimae,

179 2475 332 2540 quales
388 2486 491 2522 sunt
545 2479 613 2531 αἰ,
671 2480 868 2535 πρᾶτον,
917 2473 983 2537 ἧς.
1071 2478 1187 2526 Nam
1242 2476 1367 2543 quod
1419 2475 1467 2525 in
1519 2474 1672 2542 Epigr,

181 2554 363 2611 CCXII,
405 2554 446 2602 1.
495 2554 720 2603 ferebatur
755 2560 911 2617 νικῇς,
958 2576 1059 2605 vera
1097 2557 1315 2623 scriptura
1360 2558 1488 2618 νικᾷς
1519 2553 1673 2621 postli-

181 2636 317 2682 minio
352 2634 486 2682 rediit
523 2653 575 2683 ex
614 2636 791 2683 Ursino.

313 2713 401 2760 Sed
439 2714 561 2779 quod
597 2714 711 2762 hanc
746 2729 942 2764 nostram
980 2716 1197 2764 rationem
1237 2726 1509 2764 vetustorum
1535 2712 1672 2763 libro-
