1826 3080
0 1859 10 1978 ’ἓ

868 130 930 178 21

160 263 468 317 ‹tnui-dustria
507 264 571 314 ita
611 262 798 323 inflexit,
841 275 892 314 ut
923 264 1106 315 haberet
1137 282 1228 331 quo
1260 276 1458 331 carperet
1493 264 1636 313 domi-

159 339 274 395 *ἶ
308 342 654 414 Mytilenaeum,
696 343 744 392 in
790 362 922 411 quem
968 363 1062 393 non
1102 344 1201 394 sine
1245 343 1481 393 acen-bitate
1524 343 1639 409 jacta

158 421 248 475 inm
266 435 375 475 sunt
405 422 540 473 vm&-
591 427 751 471 Καίτοι
784 428 937 484 σοφοῦ
970 421 1093 485 παραὶ
1125 421 1280 485 §imnis
1308 425 1565 485 εἰρημένον,
1599 444 1637 472 v.

157 502 392 555 Weleker.
421 502 541 554 H·-
583 502 727 552 Rhen.
765 503 917 562 1833,
951 504 996 552 4.
1038 523 1082 572 p.
1116 504 1211 554 541
1248 522 1345 572 sqq.
1424 501 1639 552 Convellit

157 594 306 635 nun
337 593 478 652 *poen
520 582 636 632 Ceus
677 583 911 634 Pittacium
957 584 1125 634 dictum
1169 585 1239 635 bis
1278 583 1526 634 rationibus
1558 582 1642 644 (ὦς

123 661 221 718 ,ἓν
248 664 448 724 &diros
476 661 617 723 λόγον
658 682 701 730 p.
736 663 859 722 344,
902 665 1012 727 B.)=
1059 665 1213 714 »Deus
1256 663 1378 714 solus
1421 663 1508 712 boc
1552 663 1637 712 sibi

156 742 388 802 habau-it,
431 754 483 792 nt
516 754 768 792 constanter
800 743 946 793 bonus
987 744 1068 793 sit:
1114 744 1181 792 vir
1213 743 1359 793 omnis
1392 742 1563 800 bonus,
1601 743 1638 791 si

157 821 276 872 bne-
301 822 422 888 agiu
454 822 524 872 dn
558 823 729 881 minus,
763 823 927 882 malus;
962 823 1207 872 diutissime
1239 823 1395 891 optimi
1428 823 1486 880 ii,
1527 841 1639 889 quo-

158 919 259 952 run
290 901 413 952 salus
443 901 542 950 Diis
574 901 700 951 cordi
734 915 810 952 est.
860 903 978 952 Satis
1011 915 1077 952 est
1108 904 1146 951 si
1180 904 1280 970 quis
1313 921 1405 952 non
1438 903 1511 952 sit
1543 921 1639 950 ma-

158 981 228 1031 lus
258 992 306 1032 et
333 999 499 1049 pravus
533 980 610 1045 (ὃς
642 979 701 1028 ἂν
732 980 794 1042 μή
827 981 964 1038 κακός
993 977 1047 1044 ᾖ,
1083 982 1124 1030 h.
1158 1002 1193 1031 e.
1228 982 1305 1049 qui
1340 1001 1431 1031 non
1465 1000 1640 1048 semper

157 1072 200 1110 et
239 1059 450 1112 omnibus
493 1060 539 1108 in
586 1061 720 1110 rebus
766 1061 822 1111 de
866 1062 1083 1111 industria
1125 1062 1291 1111 malum
1334 1080 1381 1111 se
1415 1061 1638 1110 hominem

105 1141 110 1147 ’
156 1139 290 1206 gerit)
333 1139 640 1207 civitatemque
685 1141 840 1207 quavis
883 1142 1052 1191 ratione
1095 1154 1328 1200 sustentet,
1381 1159 1516 1190 sanus
1562 1142 1638 1190 vir.

157 1220 272 1270 Eum
306 1238 392 1286 ego
426 1219 570 1269 virum
605 1239 696 1268 non
730 1221 1000 1270 insectabor:
1034 1221 1268 1271 stultorum
1301 1221 1420 1270 enim
1443 1220 1640 1270 infinitae

159 1299 451 1368 propagines,
506 1295 630 1362 (ὥστ’
674 1303 719 1346 εἴ
754 1318 820 1354 τις
862 1305 1005 1361 χαίρει
1045 1303 1219 1360 ψέγων,
1262 1303 1534 1360 ἐμπλησθείη
1583 1297 1641 1347 ἂν

156 1380 359 1434 ἐκείνους
389 1377 697 1438 μεμφόμενος,
733 1378 936 1429 Socrates
970 1396 1012 1447 p.
1047 1380 1161 1438 346,
1196 1380 1276 1442 C.).
1341 1379 1507 1428 Omnia
1534 1397 1635 1446 pro·

158 1458 272 1508 fecto
314 1456 524 1526 pulchra,
565 1457 728 1524 quibus
775 1478 865 1507 non
907 1460 996 1508 sint
1034 1458 1230 1508 admixta
1272 1459 1478 1525 turpia,
1526 1458 1567 1506 h.
1603 1477 1637 1506 e.

157 1536 296 1588 modo
337 1555 396 1586 ne
437 1536 539 1604 quis
579 1537 767 1604 cogitate
813 1549 855 1586 et
895 1538 1063 1587 malitia
1097 1538 1256 1588 mentis
1290 1538 1449 1587 ductus
1480 1538 1640 1587 inferat

157 1616 366 1684 injuriam
409 1615 545 1666 alteri.
624 1615 778 1681 Quare
807 1636 1048 1686 'nunquam
1096 1618 1303 1684 equidem
1348 1636 1460 1666 vana
1505 1636 1640 1666 aucu-

157 1714 268 1764 pans
312 1707 359 1746 et
398 1714 450 1745 ea
495 1713 609 1763 quae
650 1714 741 1744 non
788 1695 950 1745 cadant
990 1697 1037 1746 in
1079 1697 1332 1763 hominem,
1378 1696 1640 1747 desiderabo

155 1775 300 1827 virum
342 1773 421 1824 ab·
444 1775 567 1824 omni
608 1787 733 1843 parte
780 1788 823 1826 et
866 1778 987 1826 omni
1029 1778 1077 1826 iu
1118 1796 1166 1827 re
1207 1777 1413 1844 probum.
1490 1776 1642 1841 (Quae

156 1854 284 1906 addit
324 1873 452 1904 versu
498 1857 590 1904 202
638 1854 768 1903 ἔπειτ’
801 1853 940 1916 ὔμμιν
982 1854 1133 1916 εὗρόν
1166 1857 1442 1916 datumst-im,
1492 1856 1641 1905 festive

43 1989 50 1995 ,
156 1935 308 1986 addita
342 1946 472 2003 puta,
514 1933 716 1984 similiter
757 1946 806 1983 ut
838 1954 924 1984 nos
956 1936 1099 1985 facere
1133 1937 1439 1984 consuevimus
1472 1936 1518 1983 in
1553 1934 1641 1983 fine

157 2014 411 2065 fabularum
451 2013 768 2082 popularium).
846 2014 944 2080 Ego
987 2014 1127 2080 diligo
1170 2016 1422 2082 quicunque
1461 2026 1638 2063 caveant

159 2113 182 2142 a
217 2093 483 2162 turpibus
527 2106 743 2161 quantum
786 2094 833 2142 in
876 2093 983 2161 ipsis
1030 2107 1113 2144 esta
1159 2095 1403 2145 necessitati
1442 2113 1550 2144 vero
1584 2113 1640 2142 ne

158 2173 230 2222 Dii
265 2172 448 2240 quidem
480 2173 566 2241 ipsi
599 2173 916 2223 reluctantur.«
949 2204 1018 2213 —

293 2251 476 2320 Scopas,
509 2252 711 2303 Creontis
743 2253 885 2312 filius,
919 2254 965 2303 in
1000 2273 1131 2321 quem
1166 2253 1397 2322 quadrigis
1432 2255 1639 2303 victorem

160 2332 244 2381 hoc
285 2350 463 2381 carmen
507 2332 720 2400 scriptum
766 2332 871 2393 suit,
916 2353 1092 2384 necesse
1134 2346 1200 2385 est
1234 2334 1293 2383 ob
1331 2334 1478 2384 nescio
1512 2332 1641 2400 quale

83 2444 88 2453 ·
160 2411 331 2460 facinus
363 2410 410 2460 in
444 2410 650 2462 subditos
682 2431 772 2461 non
809 2412 1000 2479 vulgare,
1034 2414 1114 2463 sed
1148 2415 1185 2463 si
1220 2426 1394 2482 poetam
1421 2413 1640 2467 audimus,

161 2491 413 2541 necessitate
448 2510 596 2541 rerum
630 2492 899 2553 excusabile,
933 2494 977 2542 in
1013 2493 1173 2560 justam
1210 2494 1408 2543 omnium
1444 2493 1640 2541 incurre-

164 2571 216 2620 n‘t
252 2571 615 2639 vituperationem
650 2589 703 2621 eo
738 2583 947 2641 tempore,
977 2591 1067 2639 quo
1101 2572 1208 2623 haec
1242 2573 1306 2622 vel
1337 2573 1540 2621 Cranone
1573 2570 1639 2620 vel

161 2649 361 2701 Pharsali
409 2663 582 2700 cantata
627 2663 750 2701 sunt:
800 2653 909 2719 quid
962 2665 1107 2701 tamen
1151 2652 1381 2720 deliquerit
1424 2652 1638 2700 incertum

158 2741 244 2784 est,
289 2750 327 2778 v.
364 2731 620 2780 Buttmann.
655 2732 842 2801 Mythol.
881 2733 943 2790 ll,
990 2738 1036 2799 pJ
1066 2734 1167 2783 268
1200 2751 1293 2799 sqq.
1374 2732 1474 2780 Jam
1511 2743 1636 2798 poeta
