1826 3080
880 131 976 177 116

186 266 339 328 ὀργήν,
374 266 468 315 ἀλλ’
505 271 563 314 ἓν
599 266 876 324 οἷνάγκαις
907 262 1083 324 γλυκύ
1117 267 1336 323 γίνεται
1369 265 1442 310 καὶ
1465 262 1522 311 οὐ
1542 270 1670 322 σκλη-

186 346 294 409 ρόν,
336 346 447 395 κατοέ
491 350 837 406 Σιμωνίδην,
880 341 1029 405 ὥσπερ
1077 342 1290 404 α’λγοῦντι
1331 347 1393 407 τῷ
1427 347 1560 407 θυμῷ
1595 347 1669 390 καὶ

187 431 499 488 φλεγμαίνοντι
531 429 774 485 θεραπείαν
807 426 882 472 καὶ
915 422 1232 484 ἀναπλήρωσιν
1266 420 1625 484 προςφερόπων.

319 508 455 555 Poeta
500 505 756 563 excusabat,
799 503 980 571 opinor,
1023 502 1089 551 vel
1133 515 1373 570 tyrannum
1417 501 1484 552 vel
1518 502 1668 552 civita-

186 600 272 635 tem
309 587 373 635 vel
409 586 556 634 nescio
591 604 722 650 quem
759 583 940 632 demum
977 567 1138 640 aliuin,
1173 584 1250 649 qui
1284 583 1589 633 inclementius
1616 585 1668 634 -in

185 666 329 714 hostes
363 665 431 713 vel
466 665 578 713 cives
613 663 679 711 vel
716 663 990 730 propinquos
1024 663 1414 712 animadvertisset„
1451 663 1542 715 Csr.
1559 663 1670 731 Epi-

183 747 265 793 nic.
302 746 372 793 Fr.
408 745 514 791 XII.
571 743 672 791 Alio
706 762 837 792 sensu
871 743 1000 792 Pind.
1045 743 1117 790 Fr.
1150 742 1431 802 LXXXVII,
1466 745 1510 792 6.
1566 741 1669 791 Σΰν

183 824 220 871 δ’
255 824 425 887 οἷνάγκᾳ
458 827 551 870 πᾶν
583 822 736 871 καλόν.

854 971 983 1008 CXIII.

256 1125 261 1129 η
315 1062 450 1111 Mich.
487 1061 656 1110 Psellus
691 1062 758 1110 vel
793 1061 1052 1110 Timotheus
1086 1064 1187 1122 περὶ
1221 1064 1359 1121 ἐνεργ.
1395 1064 1508 1119 δαιμ.
1545 1079 1588 1126 p.
1621 1062 1665 1108 5.

182 1140 306 1188 Κατά
339 1145 666 1200 Σιμωνίδην
714 1140 738 1188 ὁ
775 1141 910 1201 λόγος
941 1144 1031 1188 τῶν
1065 1141 1336 1202 πραγμάτων
1368 1139 1501 1187 εἰκών
1533 1141 1664 1186 ἐστίν.

181 1220 405 1286 Bentlejus
432 1221 623 1287 Opuscc.
659 1241 702 1288 p.
731 1222 806 1271 18.
841 1221 960 1289 Lips.
997 1221 1208 1287 quoniam
1241 1220 1497 1270 Democrito
1516 1219 1664 1277 ¹tribui

182 1299 358 1348 videbat
392 1300 503 1348 illud
538 1300 688 1360 Λόγος
721 1303 855 1361 ἔργον
891 1298 991 1348 σκιά
1025 1299 1082 1348 ab
1116 1301 1318 1366 Diogene
1351 1311 1395 1349 et
1412 1298 1667 1357 Plutarcho,

180 1379 541 1428 Lacedaemoniis
588 1381 646 1429 ab
691 1380 865 1429 Isidoro
909 1379 1154 1438 Pelusiota‚
1195 1378 1457 1429 Michaelem
1504 1378 1667 1436 erroris

180 1479 301 1507 reum
338 1460 427 1525 agit
442 1480 451 1508 :
485 1460 718 1508 immerita

851 1606 975 1643 CXIV.

314 1697 440 1746 Plato
476 1697 599 1762 Reip.
638 1697 683 1755 Ι,
718 1716 760 1763 p.
799 1698 912 1753 331,
947 1698 1000 1743 D.
1051 1699 1158 1755 Λέγε
1195 1694 1272 1755 δή,
1308 1696 1438 1743 εἶπον
1471 1693 1571 1755 ἐγώ,
1606 1693 1665 1741 οὐ

178 1776 202 1822 ὁ
245 1780 326 1823 τοῦ
369 1776 508 1836 λόγου
554 1775 859 1835 κληρονόμος,
905 1779 951 1821 τί
994 1774 1084 1837 φῄς
1124 1774 1204 1823 τᾶν
1238 1779 1566 1835 Σιμωνίδην
1600 1777 1665 1821 λε’·

176 1876 311 1914 γοντα
346 1857 501 1917 ὀρθῶς
533 1858 674 1914 λέγειν
709 1858 810 1916 περὶ
843 1855 1151 1916 δικαιοσύνης,·
1185 1853 1310 1912 ”Ὀτι,
1343 1850 1371 1915 ἦ
1409 1854 1445 1902 δ’
1480 1853 1554 1912 ὃς,
1604 1851 1662 1901 τό

176 1935 237 1983 τοὶ
275 1935 615 1996 ὀφειλόμενα
650 1934 859 1998 ἑκάστῳ
895 1933 1239 1983 ἀποδιδόναι
1268 1933 1489 1982 δίκαιόν
1521 1936 1662 1990 ἐστι,

177 2020 309 2063 τοῦτο
340 2019 482 2076 λέγων
509 2020 633 2062 δοκεῖ
650 2017 795 2074 ἔμοιγε
828 2018 974 2070 καλῶς
999 2018 1153 2075 λέγειν.
1189 2014 1374 2064 Procius
1404 2015 1452 2063 in
1481 2013 1661 2064 Hesiod.

178 2115 217 2162 p.
285 2097 394 2145 152.
453 2099 778 2154 Σιμωνίδης
828 2098 943 2155 γοῦν
997 2095 1164 2155 ταύτην
1211 2095 1326 2144 εἶναι
1372 2094 1662 2154 δικαιοσύνην

177 2167 366 2236 ὦρίσατῖ)
402 2173 508 2230 τούς
542 2180 706 2235 φίλους
739 2171 789 2222 εὖ
820 2183 978 2223 ποιεῖν.
1577 2239 1579 2242 .

310 2253 516 2320 Apertius
568 2255 871 2314 Simonideam
914 2255 1162 2304 doctrinam
1215 2253 1402 2321 explicat
1446 2252 1572 2302 Plato
1616 2272 1659 2320 p.

176 2337 297 2392 332,
333 2334 385 2382 A.
460 2342 563 2389 Τοῖς
607 2341 756 2394 φίλοις
802 2340 937 2382 οἴεται
978 2334 1177 2395 ὀφείλειν
1221 2333 1329 2389 τούς
1363 2338 1529 2394 φίλους
1559 2332 1660 2392 ἀγα-

175 2410 266 2459 θὸν
299 2415 380 2473 μέν
412 2433 454 2459 τι
487 2418 622 2473 δρᾶν,
658 2413 799 2463 κακόν
834 2417 882 2463 δὲ
916 2418 1064 2475 μηδέν.
1117 2415 1174 2463 Et
1208 2413 1315 2462 ibid.
1351 2414 1405 2461 D.
1458 2410 1520 2460 '1’6
1552 2409 1659 2466 τούς

175 2497 337 2551 φίλους
370 2490 458 2551 ἄρα
502 2489 552 2540 εὖ
588 2503 732 2542 ποιεῖν
775 2499 847 2542 καὶ
893 2491 1000 2550 τούς
1032 2492 1229 2553 ἐχθρούς
1261 2497 1408 2548 κακῶς
1441 2491 1659 2539 δικαιοσύ-

175 2591 258 2631 νην
291 2574 428 2632 λὲγει,·
466 2582 608 2622 Δοκεῖ
636 2594 721 2633 μοι.
791 2575 955 2623 Contra
994 2573 1100 2622 haec
1136 2573 1339 2621 Socrates
1372 2590 1414 2638 p.
1450 2573 1572 2627 335,
1607 2570 1655 2618 Ε.

178 2656 235 2699 Εἰ
269 2650 355 2712 ἄρα
390 2651 442 2699 τά
476 2653 744 2714 ὀφειλόμενα
779 2654 946 2717 ἑκάστω
971 2653 1238 2700 ἀποδιδόναι
1263 2656 1375 2712 φησί
1399 2669 1465 2706 τις
1484 2653 1657 2697 δίκαιον

174 2731 307 2789 εἶναι,
353 2738 485 2780 τοῦτο
522 2735 568 2780 δὲ
604 2732 659 2792 δή
694 2742 792 2781 νοεῖ
820 2734 963 2797 αὐτῷ,
1007 2741 1100 2788 τοῖς
1142 2735 1223 2792 μὲν
1267 2735 1451 2792 ἐχθροῖς
1481 2728 1656 2789 βλάβην
