<?xml version="1.0" encoding="UTF-8"?>
<!DOCTYPE html PUBLIC "-//W3C//DTD XHTML 1.0 Transitional//EN"
    "http://www.w3.org/TR/xhtml1/DTD/xhtml1-transitional.dtd">
<html xmlns="http://www.w3.org/1999/xhtml" xml:lang="en" lang="en">
 <head>
  <title>
</title>
<meta http-equiv="Content-Type" content="text/html;charset=utf-8" />
  <meta name='ocr-system' content='tesseract 3.04.00' />
  <meta name='ocr-capabilities' content='ocr_page ocr_carea ocr_par ocr_line ocrx_word'/>
</head>
<body>
  <div class='ocr_page' id='page_1' title='image "./simonidisceicarm00simouoft_0059.png"; bbox 0 0 1826 3080; ppageno 0'>
   <div class='ocr_carea' id='block_1_1' title="bbox 837 129 949 165">
    <p class='ocr_par' dir='ltr' id='par_1_1' title="bbox 837 129 949 165">
     <span class='ocr_line' id='line_1_1' title="bbox 837 129 949 165; baseline -0.009 0"><span class='ocrx_word' id='word_1_1' title='bbox 837 129 949 165; x_wconf 80' lang='lat' dir='ltr'><strong>mx</strong></span> 
     </span>
    </p>
   </div>
   <div class='ocr_carea' id='block_1_2' title="bbox 700 190 1086 201">
    <p class='ocr_par' dir='ltr' id='par_1_2' title="bbox 700 190 1086 201">
     <span class='ocr_line' id='line_1_2' title="bbox 700 190 1086 201; baseline 0 0"><span class='ocrx_word' id='word_1_2' title='bbox 700 190 1086 201; x_wconf 95' lang='lat' dir='ltr'><strong> </strong></span> 
     </span>
    </p>
   </div>
   <div class='ocr_carea' id='block_1_3' title="bbox 147 250 1621 476">
    <p class='ocr_par' dir='ltr' id='par_1_3' title="bbox 147 250 1621 476">
     <span class='ocr_line' id='line_1_3' title="bbox 147 250 1621 320; baseline 0 -20"><span class='ocrx_word' id='word_1_3' title='bbox 147 250 514 320; x_wconf 55' lang='lat' dir='ltr'><strong>‚Bp&#39;qnmmatis</strong></span> <span class='ocrx_word' id='word_1_4' title='bbox 541 251 658 301; x_wconf 81' lang='lat' dir='ltr'><strong>dicit.</strong></span> <span class='ocrx_word' id='word_1_5' title='bbox 735 251 826 300; x_wconf 85' lang='lat' dir='ltr'><strong>Sed</strong></span> <span class='ocrx_word' id='word_1_6' title='bbox 850 251 984 302; x_wconf 77' lang='lat' dir='ltr'><strong>idem</strong></span> <span class='ocrx_word' id='word_1_7' title='bbox 1029 257 1169 309; x_wconf 79' lang='grc' dir='ltr'><strong><em>Πίσα,</em></strong></span> <span class='ocrx_word' id='word_1_8' title='bbox 1212 269 1346 318; x_wconf 90' lang='lat' dir='ltr'><strong>quam</strong></span> <span class='ocrx_word' id='word_1_9' title='bbox 1388 270 1536 300; x_wconf 83' lang='lat' dir='ltr'><strong>vocem</strong></span> <span class='ocrx_word' id='word_1_10' title='bbox 1573 252 1621 300; x_wconf 91' lang='lat' dir='ltr'><strong>in</strong></span> 
     </span>
     <span class='ocr_line' id='line_1_4' title="bbox 150 329 1620 400; baseline -0.001 -21"><span class='ocrx_word' id='word_1_11' title='bbox 150 329 323 400; x_wconf 75' lang='lat' dir='ltr'><strong>Lyncis</strong></span> <span class='ocrx_word' id='word_1_12' title='bbox 366 348 465 380; x_wconf 88' lang='lat' dir='ltr'><strong>cum</strong></span> <span class='ocrx_word' id='word_1_13' title='bbox 508 329 704 379; x_wconf 80' lang='lat' dir='ltr'>Pindaro</span> <span class='ocrx_word' id='word_1_14' title='bbox 739 330 972 397; x_wconf 87' lang='lat' dir='ltr'><strong>corripuit,</strong></span> <span class='ocrx_word' id='word_1_15' title='bbox 1011 331 1058 380; x_wconf 92' lang='lat' dir='ltr'><strong>in</strong></span> <span class='ocrx_word' id='word_1_16' title='bbox 1104 330 1269 398; x_wconf 78' lang='lat' dir='ltr'><strong>Epigr..</strong></span> <span class='ocrx_word' id='word_1_17' title='bbox 1290 330 1481 379; x_wconf 84' lang='lat' dir='ltr'>CCXIV.</span> <span class='ocrx_word' id='word_1_18' title='bbox 1517 349 1620 397; x_wconf 89' lang='lat' dir='ltr'><strong>pro-</strong></span> 
     </span>
     <span class='ocr_line' id='line_1_5' title="bbox 153 407 1058 476; baseline -0.001 -17"><span class='ocrx_word' id='word_1_19' title='bbox 153 407 343 468; x_wconf 74' lang='lat' dir='ltr'><strong>duxerit,</strong></span> <span class='ocrx_word' id='word_1_20' title='bbox 376 421 527 460; x_wconf 77' lang='lat' dir='ltr'><strong>nostro</strong></span> <span class='ocrx_word' id='word_1_21' title='bbox 558 409 656 476; x_wconf 89' lang='lat' dir='ltr'><strong>jure</strong></span> <span class='ocrx_word' id='word_1_22' title='bbox 690 409 1058 458; x_wconf 68' lang='lat' dir='ltr'><strong>addubitavimus.</strong></span> 
     </span>
    </p>
   </div>
   <div class='ocr_carea' id='block_1_4' title="bbox 107 520 1623 1141">
    <p class='ocr_par' dir='ltr' id='par_1_4' title="bbox 107 520 1623 1141">
     <span class='ocr_line' id='line_1_6' title="bbox 286 520 1619 590; baseline -0.003 -17"><span class='ocrx_word' id='word_1_23' title='bbox 286 521 424 588; x_wconf 79' lang='lat' dir='ltr'><strong>Quod</strong></span> <span class='ocrx_word' id='word_1_24' title='bbox 465 520 523 570; x_wconf 88' lang='lat' dir='ltr'><strong>ad</strong></span> <span class='ocrx_word' id='word_1_25' title='bbox 573 521 865 590; x_wconf 86' lang='lat' dir='ltr'><strong>Synizesin</strong></span> <span class='ocrx_word' id='word_1_26' title='bbox 914 523 1087 581; x_wconf 82' lang='lat' dir='ltr'><strong>attinet,</strong></span> <span class='ocrx_word' id='word_1_27' title='bbox 1145 521 1342 588; x_wconf 80' lang='lat' dir='ltr'><strong>vulgaria</strong></span> <span class='ocrx_word' id='word_1_28' title='bbox 1394 533 1497 571; x_wconf 90' lang='lat' dir='ltr'><strong>sunt</strong></span> <span class='ocrx_word' id='word_1_29' title='bbox 1546 521 1619 569; x_wconf 88' lang='lat' dir='ltr'><strong>illa</strong></span> 
     </span>
     <span class='ocr_line' id='line_1_7' title="bbox 146 595 1623 680; baseline -0.001 -30.99"><span class='ocrx_word' id='word_1_30' title='bbox 146 595 460 680; x_wconf 59' lang='grc' dir='ltr'><strong>Ἀρχεναυςεω,</strong></span> <span class='ocrx_word' id='word_1_31' title='bbox 476 598 710 661; x_wconf 73' lang='grc' dir='ltr'><strong><em>χερνήτεω,</em></strong></span> <span class='ocrx_word' id='word_1_32' title='bbox 731 603 956 661; x_wconf 77' lang='grc' dir='ltr'><strong>φιλέωσιν,</strong></span> <span class='ocrx_word' id='word_1_33' title='bbox 973 603 1132 661; x_wconf 78' lang='grc' dir='ltr'><strong><em>βαλέω,</em></strong></span> <span class='ocrx_word' id='word_1_34' title='bbox 1152 599 1280 658; x_wconf 74' lang='grc' dir='ltr'><strong><em>θεάν,</em></strong></span> <span class='ocrx_word' id='word_1_35' title='bbox 1306 605 1443 658; x_wconf 80' lang='grc' dir='ltr'><strong><em>θεῶν,</em></strong></span> <span class='ocrx_word' id='word_1_36' title='bbox 1469 598 1528 661; x_wconf 72' lang='grc' dir='ltr'><strong>μή</strong></span> <span class='ocrx_word' id='word_1_37' title='bbox 1550 600 1623 659; x_wconf 87' lang='lat' dir='ltr'><strong>ov,</strong></span> 
     </span>
     <span class='ocr_line' id='line_1_8' title="bbox 149 670 1620 747; baseline 0.001 -21"><span class='ocrx_word' id='word_1_38' title='bbox 149 670 367 739; x_wconf 57' lang='grc' dir='ltr'><strong>ἃιναενέα,</strong></span> <span class='ocrx_word' id='word_1_39' title='bbox 393 676 536 741; x_wconf 78' lang='grc' dir='ltr'><strong><em>ἔαρος,</em></strong></span> <span class='ocrx_word' id='word_1_40' title='bbox 555 682 787 739; x_wconf 76' lang='grc' dir='ltr'><strong>Μεγιστὲα,</strong></span> <span class='ocrx_word' id='word_1_41' title='bbox 807 679 987 729; x_wconf 82' lang='lat' dir='ltr'>similia:</span> <span class='ocrx_word' id='word_1_42' title='bbox 1023 674 1189 745; x_wconf 86' lang='lat' dir='ltr'><strong>majore</strong></span> <span class='ocrx_word' id='word_1_43' title='bbox 1208 679 1452 730; x_wconf 88' lang='lat' dir='ltr'><strong>libertate</strong></span> <span class='ocrx_word' id='word_1_44' title='bbox 1438 698 1486 729; x_wconf 88' lang='lat' dir='ltr'><strong>m</strong></span> <span class='ocrx_word' id='word_1_45' title='bbox 1513 679 1620 747; x_wconf 91' lang='lat' dir='ltr'><strong>Epi-</strong></span> 
     </span>
     <span class='ocr_line' id='line_1_9' title="bbox 148 757 1620 827; baseline -0.001 -19"><span class='ocrx_word' id='word_1_46' title='bbox 148 767 392 826; x_wconf 73' lang='lat' dir='ltr'><strong>grammate</strong></span> <span class='ocrx_word' id='word_1_47' title='bbox 422 761 653 819; x_wconf 78' lang='grc' dir='ltr'><strong><em>χαρίεντας</em></strong></span> <span class='ocrx_word' id='word_1_48' title='bbox 685 760 732 824; x_wconf 94' lang='grc'><strong>(</strong></span> <span class='ocrx_word' id='word_1_49' title='bbox 753 789 780 796; x_wconf 84' lang='grc'><strong>-</strong></span> <span class='ocrx_word' id='word_1_50' title='bbox 799 760 846 822; x_wconf 91' lang='grc'>)</span> <span class='ocrx_word' id='word_1_51' title='bbox 878 771 1088 826; x_wconf 83' lang='lat' dir='ltr'><strong>tanquam</strong></span> <span class='ocrx_word' id='word_1_52' title='bbox 1120 757 1438 827; x_wconf 82' lang='lat' dir='ltr'>amphibracho</span> <span class='ocrx_word' id='word_1_53' title='bbox 1473 758 1620 807; x_wconf 86' lang='lat' dir='ltr'><strong>utitur.</strong></span> 
     </span>
     <span class='ocr_line' id='line_1_10' title="bbox 148 831 1620 904; baseline 0.001 -19"><span class='ocrx_word' id='word_1_54' title='bbox 148 831 450 887; x_wconf 81' lang='lat' dir='ltr'><strong>Elisionem</strong></span> <span class='ocrx_word' id='word_1_55' title='bbox 505 856 551 884; x_wconf 84' lang='grc' dir='ltr'><strong>αι</strong></span> <span class='ocrx_word' id='word_1_56' title='bbox 595 837 859 904; x_wconf 85' lang='lat' dir='ltr'><strong>diphthongi</strong></span> <span class='ocrx_word' id='word_1_57' title='bbox 906 838 1039 887; x_wconf 89' lang='lat' dir='ltr'><strong>semel</strong></span> <span class='ocrx_word' id='word_1_58' title='bbox 1090 839 1358 888; x_wconf 83' lang='lat' dir='ltr'><strong>restituimus</strong></span> <span class='ocrx_word' id='word_1_59' title='bbox 1403 838 1620 887; x_wconf 89' lang='lat' dir='ltr'><strong>Threnor.</strong></span> 
     </span>
     <span class='ocr_line' id='line_1_11' title="bbox 147 912 1621 994; baseline 0 -30"><span class='ocrx_word' id='word_1_60' title='bbox 147 914 222 966; x_wconf 87' lang='lat' dir='ltr'><strong>Fr.</strong></span> <span class='ocrx_word' id='word_1_61' title='bbox 255 916 318 994; x_wconf 91' lang='lat' dir='ltr'><strong>L,</strong></span> <span class='ocrx_word' id='word_1_62' title='bbox 354 916 428 965; x_wconf 89' lang='lat'><strong>16.</strong></span> <span class='ocrx_word' id='word_1_63' title='bbox 482 916 668 975; x_wconf 65' lang='grc' dir='ltr'><strong><em>Κέλομῖ,</em></strong></span> <span class='ocrx_word' id='word_1_64' title='bbox 704 912 806 963; x_wconf 80' lang='grc' dir='ltr'><em>εὗδε</em></span> <span class='ocrx_word' id='word_1_65' title='bbox 837 918 1019 977; x_wconf 79' lang='grc' dir='ltr'><strong><em>βρέφος.</em></strong></span> <span class='ocrx_word' id='word_1_66' title='bbox 1077 917 1120 965; x_wconf 89' lang='grc' dir='ltr'><strong>Α</strong></span> <span class='ocrx_word' id='word_1_67' title='bbox 1156 916 1422 965; x_wconf 90' lang='lat' dir='ltr'><strong>Crasibus</strong></span> <span class='ocrx_word' id='word_1_68' title='bbox 1457 916 1621 965; x_wconf 89' lang='lat' dir='ltr'><strong>abhor-</strong></span> 
     </span>
     <span class='ocr_line' id='line_1_12' title="bbox 107 993 1623 1062; baseline -0.003 -17"><span class='ocrx_word' id='word_1_69' title='bbox 107 998 112 1003; x_wconf 67' lang='grc'><strong><em>’</em></strong></span> <span class='ocrx_word' id='word_1_70' title='bbox 144 1012 285 1045; x_wconf 64' lang='grc' dir='ltr'><strong>τωε</strong></span> <span class='ocrx_word' id='word_1_71' title='bbox 326 993 501 1044; x_wconf 83' lang='lat' dir='ltr'><strong>videtur</strong></span> <span class='ocrx_word' id='word_1_72' title='bbox 542 1007 695 1062; x_wconf 87' lang='lat' dir='ltr'><strong>poeta:</strong></span> <span class='ocrx_word' id='word_1_73' title='bbox 736 1014 855 1044; x_wconf 93' lang='lat' dir='ltr'><strong>nunc</strong></span> <span class='ocrx_word' id='word_1_74' title='bbox 900 1008 1013 1045; x_wconf 89' lang='lat' dir='ltr'><strong>certe</strong></span> <span class='ocrx_word' id='word_1_75' title='bbox 1060 996 1237 1044; x_wconf 89' lang='lat' dir='ltr'><strong>nonnisi</strong></span> <span class='ocrx_word' id='word_1_76' title='bbox 1279 994 1623 1043; x_wconf 79' lang='grc' dir='ltr'><strong><em>τούπιπλεῖστον</em></strong></span> 
     </span>
     <span class='ocr_line' id='line_1_13' title="bbox 145 1064 1620 1141; baseline -0.001 -18"><span class='ocrx_word' id='word_1_77' title='bbox 145 1084 189 1123; x_wconf 84' lang='lat' dir='ltr'><strong>et</strong></span> <span class='ocrx_word' id='word_1_78' title='bbox 218 1064 429 1122; x_wconf 73' lang='grc' dir='ltr'><strong><em>τοῦνεκεν</em></strong></span> <span class='ocrx_word' id='word_1_79' title='bbox 462 1086 741 1141; x_wconf 84' lang='lat' dir='ltr'><strong>comparent.</strong></span> <span class='ocrx_word' id='word_1_80' title='bbox 770 1074 950 1123; x_wconf 90' lang='lat' dir='ltr'><strong>Thren.</strong></span> <span class='ocrx_word' id='word_1_81' title='bbox 995 1075 1064 1123; x_wconf 90' lang='lat' dir='ltr'><strong>Fr.</strong></span> <span class='ocrx_word' id='word_1_82' title='bbox 1099 1075 1192 1123; x_wconf 90' lang='lat' dir='ltr'><strong>LII.</strong></span> <span class='ocrx_word' id='word_1_83' title='bbox 1228 1076 1301 1121; x_wconf 75' lang='grc' dir='ltr'><strong>καὶ</strong></span> <span class='ocrx_word' id='word_1_84' title='bbox 1335 1073 1383 1129; x_wconf 84' lang='grc' dir='ltr'><strong>ὁ,</strong></span> <span class='ocrx_word' id='word_1_85' title='bbox 1428 1093 1519 1122; x_wconf 89' lang='lat' dir='ltr'><strong>non</strong></span> <span class='ocrx_word' id='word_1_86' title='bbox 1555 1072 1620 1132; x_wconf 73' lang='grc' dir='ltr'><em>χῶ</em></span> 
     </span>
    </p>
   </div>
   <div class='ocr_carea' id='block_1_5' title="bbox 142 1152 689 1223">
    <p class='ocr_par' dir='ltr' id='par_1_5' title="bbox 142 1152 689 1223">
     <span class='ocr_line' id='line_1_14' title="bbox 142 1152 689 1223; baseline -0.007 -18"><span class='ocrx_word' id='word_1_87' title='bbox 142 1152 355 1223; x_wconf 71' lang='lat' dir='ltr'><strong>scriptum</strong></span> <span class='ocrx_word' id='word_1_88' title='bbox 389 1153 581 1203; x_wconf 83' lang='lat' dir='ltr'><strong>ferimus.</strong></span> <span class='ocrx_word' id='word_1_89' title='bbox 619 1183 689 1192; x_wconf 93' lang='lat'><strong>—</strong></span> 
     </span>
    </p>
   </div>
   <div class='ocr_carea' id='block_1_6' title="bbox 127 1277 1621 1815">
    <p class='ocr_par' dir='ltr' id='par_1_6' title="bbox 127 1277 1621 1815">
     <span class='ocr_line' id='line_1_15' title="bbox 183 1277 1621 1327; baseline -0.001 0"><span class='ocrx_word' id='word_1_90' title='bbox 183 1292 186 1301; x_wconf 65' lang='lat'>¹</span> <span class='ocrx_word' id='word_1_91' title='bbox 275 1280 331 1326; x_wconf 87' lang='lat' dir='ltr'><strong>X.</strong></span> <span class='ocrx_word' id='word_1_92' title='bbox 400 1279 607 1327; x_wconf 88' lang='lat' dir='ltr'><strong>Carmina</strong></span> <span class='ocrx_word' id='word_1_93' title='bbox 642 1278 884 1327; x_wconf 81' lang='lat' dir='ltr'><strong>Simonidis</strong></span> <span class='ocrx_word' id='word_1_94' title='bbox 919 1290 961 1327; x_wconf 88' lang='lat' dir='ltr'><strong>et</strong></span> <span class='ocrx_word' id='word_1_95' title='bbox 1008 1277 1065 1326; x_wconf 90' lang='lat' dir='ltr'><strong>ab</strong></span> <span class='ocrx_word' id='word_1_96' title='bbox 1100 1277 1196 1326; x_wconf 87' lang='lat' dir='ltr'><strong>aliis</strong></span> <span class='ocrx_word' id='word_1_97' title='bbox 1232 1278 1543 1327; x_wconf 87' lang='lat' dir='ltr'><strong>Grammaticis</strong></span> <span class='ocrx_word' id='word_1_98' title='bbox 1578 1289 1621 1326; x_wconf 87' lang='lat' dir='ltr'><strong>et</strong></span> 
     </span>
     <span class='ocr_line' id='line_1_16' title="bbox 141 1355 1620 1425; baseline -0.001 -19"><span class='ocrx_word' id='word_1_99' title='bbox 141 1355 200 1406; x_wconf 77' lang='lat' dir='ltr'><strong>ab</strong></span> <span class='ocrx_word' id='word_1_100' title='bbox 240 1355 537 1424; x_wconf 75' lang='lat' dir='ltr'><strong>Aristophane</strong></span> <span class='ocrx_word' id='word_1_101' title='bbox 579 1357 797 1425; x_wconf 87' lang='lat' dir='ltr'><strong>Byzantio</strong></span> <span class='ocrx_word' id='word_1_102' title='bbox 844 1356 1038 1405; x_wconf 86' lang='lat' dir='ltr'><strong>numeris</strong></span> <span class='ocrx_word' id='word_1_103' title='bbox 1075 1356 1294 1422; x_wconf 87' lang='lat' dir='ltr'><strong>descripta</strong></span> <span class='ocrx_word' id='word_1_104' title='bbox 1337 1356 1471 1405; x_wconf 88' lang='lat' dir='ltr'><strong>fuisse</strong></span> <span class='ocrx_word' id='word_1_105' title='bbox 1514 1375 1620 1404; x_wconf 87' lang='lat' dir='ltr'><strong>con-</strong></span> 
     </span>
     <span class='ocr_line' id='line_1_17' title="bbox 140 1434 1617 1503; baseline -0.001 -20"><span class='ocrx_word' id='word_1_106' title='bbox 140 1446 227 1484; x_wconf 74' lang='lat' dir='ltr'><strong>stat</strong></span> <span class='ocrx_word' id='word_1_107' title='bbox 267 1435 516 1485; x_wconf 69' lang='lat' dir='ltr'><strong>toetimonio</strong></span> <span class='ocrx_word' id='word_1_108' title='bbox 548 1436 752 1503; x_wconf 85' lang='lat' dir='ltr'><strong>Dionysii</strong></span> <span class='ocrx_word' id='word_1_109' title='bbox 788 1434 927 1483; x_wconf 88' lang='lat' dir='ltr'><strong>Halic.</strong></span> <span class='ocrx_word' id='word_1_110' title='bbox 965 1436 1117 1501; x_wconf 91' lang='lat' dir='ltr'><strong>Comp.</strong></span> <span class='ocrx_word' id='word_1_111' title='bbox 1161 1435 1326 1483; x_wconf 83' lang='lat' dir='ltr'><strong>Verbb.</strong></span> <span class='ocrx_word' id='word_1_112' title='bbox 1361 1435 1531 1492; x_wconf 85' lang='lat' dir='ltr'>XXVI,</span> <span class='ocrx_word' id='word_1_113' title='bbox 1575 1452 1617 1500; x_wconf 79' lang='lat' dir='ltr'><strong>p,</strong></span> 
     </span>
     <span class='ocr_line' id='line_1_18' title="bbox 139 1512 1617 1580; baseline -0.002 -17"><span class='ocrx_word' id='word_1_114' title='bbox 139 1512 252 1563; x_wconf 78' lang='grc'><strong>430.</strong></span> <span class='ocrx_word' id='word_1_115' title='bbox 289 1513 508 1563; x_wconf 85' lang='lat' dir='ltr'><strong>Schaefer.</strong></span> <span class='ocrx_word' id='word_1_116' title='bbox 543 1517 602 1578; x_wconf 88' lang='lat' dir='ltr'><strong>(v.</strong></span> <span class='ocrx_word' id='word_1_117' title='bbox 639 1513 854 1562; x_wconf 89' lang='lat' dir='ltr'><strong>Threnor.</strong></span> <span class='ocrx_word' id='word_1_118' title='bbox 891 1514 961 1562; x_wconf 89' lang='lat' dir='ltr'><strong>Fr.</strong></span> <span class='ocrx_word' id='word_1_119' title='bbox 997 1515 1079 1578; x_wconf 87' lang='lat' dir='ltr'><strong>L.).</strong></span> <span class='ocrx_word' id='word_1_120' title='bbox 1116 1515 1258 1562; x_wconf 89' lang='lat' dir='ltr'><strong>Metra</strong></span> <span class='ocrx_word' id='word_1_121' title='bbox 1291 1525 1445 1580; x_wconf 89' lang='lat' dir='ltr'><strong>poetae</strong></span> <span class='ocrx_word' id='word_1_122' title='bbox 1480 1531 1617 1578; x_wconf 89' lang='lat' dir='ltr'><strong>quum</strong></span> 
     </span>
     <span class='ocr_line' id='line_1_19' title="bbox 139 1590 1617 1651; baseline -0.001 -11"><span class='ocrx_word' id='word_1_123' title='bbox 139 1591 187 1651; x_wconf 89' lang='lat' dir='ltr'><strong>in</strong></span> <span class='ocrx_word' id='word_1_124' title='bbox 218 1590 470 1641; x_wconf 85' lang='lat' dir='ltr'><strong>universum</strong></span> <span class='ocrx_word' id='word_1_125' title='bbox 506 1592 752 1642; x_wconf 79' lang='lat' dir='ltr'><strong>aestimanti</strong></span> <span class='ocrx_word' id='word_1_126' title='bbox 786 1590 1034 1639; x_wconf 84' lang='lat' dir='ltr'><strong>Pindaricis</strong></span> <span class='ocrx_word' id='word_1_127' title='bbox 1078 1592 1166 1639; x_wconf 88' lang='lat' dir='ltr'><strong>sint</strong></span> <span class='ocrx_word' id='word_1_128' title='bbox 1199 1590 1380 1649; x_wconf 87' lang='lat' dir='ltr'><strong>similia,</strong></span> <span class='ocrx_word' id='word_1_129' title='bbox 1428 1610 1518 1638; x_wconf 90' lang='lat' dir='ltr'><strong>non</strong></span> <span class='ocrx_word' id='word_1_130' title='bbox 1554 1591 1617 1638; x_wconf 90' lang='lat' dir='ltr'><strong>vi-</strong></span> 
     </span>
     <span class='ocr_line' id='line_1_20' title="bbox 137 1668 1617 1737; baseline -0.001 -18"><span class='ocrx_word' id='word_1_131' title='bbox 137 1668 359 1719; x_wconf 72' lang='lat' dir='ltr'><strong>debantur</strong></span> <span class='ocrx_word' id='word_1_132' title='bbox 391 1670 641 1719; x_wconf 83' lang='lat' dir='ltr'><strong>uberiorem</strong></span> <span class='ocrx_word' id='word_1_133' title='bbox 664 1670 1005 1737; x_wconf 78' lang='lat' dir='ltr'><strong>disputationem</strong></span> <span class='ocrx_word' id='word_1_134' title='bbox 1033 1669 1304 1719; x_wconf 85' lang='lat' dir='ltr'><strong>desiderare:</strong></span> <span class='ocrx_word' id='word_1_135' title='bbox 1341 1670 1471 1718; x_wconf 87' lang='lat' dir='ltr'><strong>nobis</strong></span> <span class='ocrx_word' id='word_1_136' title='bbox 1506 1689 1617 1735; x_wconf 86' lang='lat' dir='ltr'><strong>quo-</strong></span> 
     </span>
     <span class='ocr_line' id='line_1_21' title="bbox 127 1747 1616 1815; baseline -0.002 -16"><span class='ocrx_word' id='word_1_137' title='bbox 127 1748 284 1799; x_wconf 75' lang='lat' dir='ltr'><strong>mbdo</strong></span> <span class='ocrx_word' id='word_1_138' title='bbox 315 1749 491 1815; x_wconf 75' lang='lat' dir='ltr'><strong>singula</strong></span> <span class='ocrx_word' id='word_1_139' title='bbox 533 1750 724 1798; x_wconf 88' lang='lat' dir='ltr'><strong>dimetiri</strong></span> <span class='ocrx_word' id='word_1_140' title='bbox 770 1748 1008 1815; x_wconf 88' lang='lat' dir='ltr'><strong>placuerit,</strong></span> <span class='ocrx_word' id='word_1_141' title='bbox 1051 1748 1219 1814; x_wconf 87' lang='lat' dir='ltr'><strong>patebit</strong></span> <span class='ocrx_word' id='word_1_142' title='bbox 1260 1749 1387 1797; x_wconf 73' lang='lat' dir='ltr'><strong>infra.</strong></span> <span class='ocrx_word' id='word_1_143' title='bbox 1459 1747 1616 1812; x_wconf 86' lang='lat' dir='ltr'><strong>Quan-</strong></span> 
     </span>
    </p>
   </div>
   <div class='ocr_carea' id='block_1_7' title="bbox 137 1827 1697 1895">
    <p class='ocr_par' dir='ltr' id='par_1_7' title="bbox 137 1827 1697 1895">
     <span class='ocr_line' id='line_1_22' title="bbox 137 1827 1697 1895; baseline -0.002 -17"><span class='ocrx_word' id='word_1_144' title='bbox 137 1845 276 1895; x_wconf 73' lang='lat' dir='ltr'><strong>quam</strong></span> <span class='ocrx_word' id='word_1_145' title='bbox 318 1828 535 1895; x_wconf 86' lang='lat' dir='ltr'><strong>primum,</strong></span> <span class='ocrx_word' id='word_1_146' title='bbox 577 1847 667 1894; x_wconf 90' lang='lat' dir='ltr'><strong>quo</strong></span> <span class='ocrx_word' id='word_1_147' title='bbox 710 1827 966 1892; x_wconf 81' lang='lat' dir='ltr'><strong>gravitatem</strong></span> <span class='ocrx_word' id='word_1_148' title='bbox 1002 1827 1211 1876; x_wconf 87' lang='lat' dir='ltr'><strong>devitaret</strong></span> <span class='ocrx_word' id='word_1_149' title='bbox 1244 1840 1372 1894; x_wconf 87' lang='lat' dir='ltr'><strong>poeta</strong></span> <span class='ocrx_word' id='word_1_150' title='bbox 1408 1827 1540 1885; x_wconf 88' lang='lat' dir='ltr'><strong>Ceus,</strong></span> <span class='ocrx_word' id='word_1_151' title='bbox 1575 1839 1617 1875; x_wconf 86' lang='lat' dir='ltr'><strong>et</strong></span> <span class='ocrx_word' id='word_1_152' title='bbox 1695 1862 1697 1864; x_wconf 89' lang='lat'><em>-</em></span> 
     </span>
    </p>
   </div>
   <div class='ocr_carea' id='block_1_8' title="bbox 133 1899 1614 2685">
    <p class='ocr_par' dir='ltr' id='par_1_8' title="bbox 133 1899 1614 2685">
     <span class='ocr_line' id='line_1_23' title="bbox 137 1899 1614 1973; baseline -0.002 -16"><span class='ocrx_word' id='word_1_153' title='bbox 137 1905 404 1973; x_wconf 73' lang='lat' dir='ltr'><strong>Ingaoedicis</strong></span> <span class='ocrx_word' id='word_1_154' title='bbox 445 1907 640 1956; x_wconf 80' lang='lat' dir='ltr'><strong>numeris</strong></span> <span class='ocrx_word' id='word_1_155' title='bbox 675 1906 813 1954; x_wconf 85' lang='lat' dir='ltr'><strong>utitur</strong></span> <span class='ocrx_word' id='word_1_156' title='bbox 849 1899 1118 1971; x_wconf 75' lang='lat' dir='ltr'><strong>frequentius</strong></span> <span class='ocrx_word' id='word_1_157' title='bbox 1162 1918 1204 1954; x_wconf 86' lang='lat' dir='ltr'><strong>et</strong></span> <span class='ocrx_word' id='word_1_158' title='bbox 1236 1907 1282 1954; x_wconf 90' lang='lat' dir='ltr'><strong>in</strong></span> <span class='ocrx_word' id='word_1_159' title='bbox 1317 1906 1500 1973; x_wconf 81' lang='lat' dir='ltr'><strong>syllabis</strong></span> <span class='ocrx_word' id='word_1_160' title='bbox 1535 1923 1614 1954; x_wconf 87' lang='lat' dir='ltr'><strong>an-</strong></span> 
     </span>
     <span class='ocr_line' id='line_1_24' title="bbox 136 1984 1614 2055; baseline -0.004 -18"><span class='ocrx_word' id='word_1_161' title='bbox 136 1986 342 2055; x_wconf 76' lang='lat' dir='ltr'><strong>‹ipitibus</strong></span> <span class='ocrx_word' id='word_1_162' title='bbox 388 1987 563 2036; x_wconf 84' lang='lat' dir='ltr'><strong>brevem</strong></span> <span class='ocrx_word' id='word_1_163' title='bbox 610 1985 830 2053; x_wconf 68' lang='lat' dir='ltr'><strong>praeferre</strong></span> <span class='ocrx_word' id='word_1_164' title='bbox 877 1996 1006 2033; x_wconf 87' lang='lat' dir='ltr'><strong>amat.</strong></span> <span class='ocrx_word' id='word_1_165' title='bbox 1084 1984 1257 2032; x_wconf 89' lang='lat' dir='ltr'><strong>Deinde</strong></span> <span class='ocrx_word' id='word_1_166' title='bbox 1301 2003 1389 2049; x_wconf 89' lang='lat' dir='ltr'><strong>quo</strong></span> <span class='ocrx_word' id='word_1_167' title='bbox 1432 1985 1614 2050; x_wconf 89' lang='lat' dir='ltr'><strong>propius</strong></span> 
     </span>
     <span class='ocr_line' id='line_1_25' title="bbox 137 2062 1613 2133; baseline -0.002 -20"><span class='ocrx_word' id='word_1_168' title='bbox 137 2065 261 2115; x_wconf 80' lang='lat' dir='ltr'><strong>abest</strong></span> <span class='ocrx_word' id='word_1_169' title='bbox 293 2066 350 2115; x_wconf 89' lang='lat' dir='ltr'><strong>ab</strong></span> <span class='ocrx_word' id='word_1_170' title='bbox 384 2067 519 2133; x_wconf 88' lang='lat' dir='ltr'><strong>Epica</strong></span> <span class='ocrx_word' id='word_1_171' title='bbox 555 2066 691 2133; x_wconf 86' lang='lat' dir='ltr'><strong>poesi,</strong></span> <span class='ocrx_word' id='word_1_172' title='bbox 726 2063 943 2132; x_wconf 87' lang='lat' dir='ltr'><strong>dactylico</strong></span> <span class='ocrx_word' id='word_1_173' title='bbox 978 2062 1216 2111; x_wconf 88' lang='lat' dir='ltr'><strong>delectatur</strong></span> <span class='ocrx_word' id='word_1_174' title='bbox 1246 2083 1443 2120; x_wconf 87' lang='lat' dir='ltr'><strong>numero,</strong></span> <span class='ocrx_word' id='word_1_175' title='bbox 1481 2063 1613 2112; x_wconf 89' lang='lat' dir='ltr'><strong>veluti</strong></span> 
     </span>
     <span class='ocr_line' id='line_1_26' title="bbox 136 2140 1614 2211; baseline -0.002 -19"><span class='ocrx_word' id='word_1_176' title='bbox 136 2144 207 2192; x_wconf 88' lang='lat' dir='ltr'><strong>Fr.</strong></span> <span class='ocrx_word' id='word_1_177' title='bbox 242 2144 340 2192; x_wconf 85' lang='lat' dir='ltr'><strong>Vll.</strong></span> <span class='ocrx_word' id='word_1_178' title='bbox 382 2144 514 2193; x_wconf 86' lang='lat' dir='ltr'><strong>habet</strong></span> <span class='ocrx_word' id='word_1_179' title='bbox 556 2144 874 2211; x_wconf 87' lang='lat' dir='ltr'><strong>heptametrum</strong></span> <span class='ocrx_word' id='word_1_180' title='bbox 911 2142 1206 2190; x_wconf 85' lang='lat' dir='ltr'><strong>catalecticum</strong></span> <span class='ocrx_word' id='word_1_181' title='bbox 1251 2143 1294 2190; x_wconf 93' lang='lat' dir='ltr'><strong>in</strong></span> <span class='ocrx_word' id='word_1_182' title='bbox 1331 2140 1614 2209; x_wconf 85' lang='lat' dir='ltr'><strong>disyllabum,</strong></span> 
     </span>
     <span class='ocr_line' id='line_1_27' title="bbox 134 2221 1610 2290; baseline -0.003 -18"><span class='ocrx_word' id='word_1_183' title='bbox 134 2223 372 2272; x_wconf 77' lang='lat' dir='ltr'><strong>sententiae</strong></span> <span class='ocrx_word' id='word_1_184' title='bbox 412 2223 599 2290; x_wconf 85' lang='lat' dir='ltr'><strong>ponderi</strong></span> <span class='ocrx_word' id='word_1_185' title='bbox 641 2242 896 2288; x_wconf 80' lang='lat' dir='ltr'><strong>congruum.</strong></span> <span class='ocrx_word' id='word_1_186' title='bbox 979 2221 1190 2287; x_wconf 87' lang='lat' dir='ltr'><strong>Idemque</strong></span> <span class='ocrx_word' id='word_1_187' title='bbox 1233 2221 1484 2269; x_wconf 83' lang='lat' dir='ltr'><strong>hexametro</strong></span> <span class='ocrx_word' id='word_1_188' title='bbox 1521 2239 1610 2268; x_wconf 90' lang='lat' dir='ltr'><strong>non</strong></span> 
     </span>
     <span class='ocr_line' id='line_1_28' title="bbox 135 2300 1611 2367; baseline -0.003 -16"><span class='ocrx_word' id='word_1_189' title='bbox 135 2302 324 2351; x_wconf 84' lang='lat' dir='ltr'><strong>abstinet</strong></span> <span class='ocrx_word' id='word_1_190' title='bbox 354 2301 421 2351; x_wconf 82' lang='lat' dir='ltr'><strong>vel</strong></span> <span class='ocrx_word' id='word_1_191' title='bbox 455 2321 556 2351; x_wconf 87' lang='lat' dir='ltr'><strong>cnm</strong></span> <span class='ocrx_word' id='word_1_192' title='bbox 584 2301 684 2351; x_wconf 77' lang='lat' dir='ltr'><strong>‘aliis</strong></span> <span class='ocrx_word' id='word_1_193' title='bbox 717 2301 910 2351; x_wconf 88' lang='lat' dir='ltr'><strong>numeris</strong></span> <span class='ocrx_word' id='word_1_194' title='bbox 938 2301 1099 2365; x_wconf 84' lang='lat' dir='ltr'><strong>juncto,</strong></span> <span class='ocrx_word' id='word_1_195' title='bbox 1135 2312 1184 2349; x_wconf 88' lang='lat' dir='ltr'><strong>ut</strong></span> <span class='ocrx_word' id='word_1_196' title='bbox 1202 2301 1272 2349; x_wconf 83' lang='lat' dir='ltr'><strong>Fr.</strong></span> <span class='ocrx_word' id='word_1_197' title='bbox 1298 2301 1426 2367; x_wconf 87' lang='lat' dir='ltr'><strong>Epin.</strong></span> <span class='ocrx_word' id='word_1_198' title='bbox 1447 2300 1611 2355; x_wconf 82' lang='lat' dir='ltr'><strong>XVIII,</strong></span> 
     </span>
     <span class='ocr_line' id='line_1_29' title="bbox 133 2379 1608 2448; baseline -0.003 -18"><span class='ocrx_word' id='word_1_199' title='bbox 133 2381 180 2430; x_wconf 85' lang='grc'><strong>4.</strong></span> <span class='ocrx_word' id='word_1_200' title='bbox 222 2380 288 2430; x_wconf 79' lang='lat' dir='ltr'><strong>vel</strong></span> <span class='ocrx_word' id='word_1_201' title='bbox 330 2398 411 2448; x_wconf 84' lang='lat' dir='ltr'><strong>per</strong></span> <span class='ocrx_word' id='word_1_202' title='bbox 452 2399 499 2430; x_wconf 87' lang='lat' dir='ltr'><strong>se</strong></span> <span class='ocrx_word' id='word_1_203' title='bbox 543 2380 711 2447; x_wconf 82' lang='lat' dir='ltr'><strong>posito,</strong></span> <span class='ocrx_word' id='word_1_204' title='bbox 757 2392 807 2429; x_wconf 86' lang='lat' dir='ltr'><strong>nt</strong></span> <span class='ocrx_word' id='word_1_205' title='bbox 848 2379 1015 2428; x_wconf 89' lang='lat' dir='ltr'><strong>ibidem</strong></span> <span class='ocrx_word' id='word_1_206' title='bbox 1058 2400 1095 2427; x_wconf 86' lang='lat' dir='ltr'><strong>v.</strong></span> <span class='ocrx_word' id='word_1_207' title='bbox 1134 2382 1175 2429; x_wconf 91' lang='lat'><strong>7.</strong></span> <span class='ocrx_word' id='word_1_208' title='bbox 1213 2379 1280 2428; x_wconf 90' lang='lat' dir='ltr'><strong>cll.</strong></span> <span class='ocrx_word' id='word_1_209' title='bbox 1317 2380 1499 2428; x_wconf 90' lang='lat' dir='ltr'><strong>Encom.</strong></span> <span class='ocrx_word' id='word_1_210' title='bbox 1541 2379 1608 2426; x_wconf 86' lang='lat' dir='ltr'><strong>Fr.</strong></span> 
     </span>
     <span class='ocr_line' id='line_1_30' title="bbox 134 2457 1610 2525; baseline -0.004 -15"><span class='ocrx_word' id='word_1_211' title='bbox 134 2461 222 2519; x_wconf 84' lang='lat' dir='ltr'><strong>lx,</strong></span> <span class='ocrx_word' id='word_1_212' title='bbox 264 2463 333 2519; x_wconf 80' lang='grc'><strong>3.,</strong></span> <span class='ocrx_word' id='word_1_213' title='bbox 383 2459 462 2509; x_wconf 85' lang='lat' dir='ltr'><strong>sed</strong></span> <span class='ocrx_word' id='word_1_214' title='bbox 504 2460 678 2509; x_wconf 84' lang='lat' dir='ltr'><strong>heroico</strong></span> <span class='ocrx_word' id='word_1_215' title='bbox 721 2460 860 2509; x_wconf 83' lang='lat' dir='ltr'><strong>versui</strong></span> <span class='ocrx_word' id='word_1_216' title='bbox 903 2459 1124 2517; x_wconf 86' lang='lat' dir='ltr'><strong>dissimili,</strong></span> <span class='ocrx_word' id='word_1_217' title='bbox 1159 2470 1309 2525; x_wconf 88' lang='lat' dir='ltr'><strong>utpote</strong></span> <span class='ocrx_word' id='word_1_218' title='bbox 1352 2477 1441 2506; x_wconf 88' lang='lat' dir='ltr'><strong>uno</strong></span> <span class='ocrx_word' id='word_1_219' title='bbox 1477 2457 1610 2505; x_wconf 89' lang='lat' dir='ltr'><strong>ductu</strong></span> 
     </span>
     <span class='ocr_line' id='line_1_31' title="bbox 135 2537 1611 2607; baseline -0.003 -19"><span class='ocrx_word' id='word_1_220' title='bbox 135 2538 452 2607; x_wconf 82' lang='lat' dir='ltr'><strong>comprehenso</strong></span> <span class='ocrx_word' id='word_1_221' title='bbox 510 2557 774 2606; x_wconf 72' lang='lat' dir='ltr'><strong>mesuraque</strong></span> <span class='ocrx_word' id='word_1_222' title='bbox 829 2551 1012 2587; x_wconf 87' lang='lat' dir='ltr'><strong>carente.</strong></span> <span class='ocrx_word' id='word_1_223' title='bbox 1106 2537 1392 2587; x_wconf 84' lang='lat' dir='ltr'><strong>Grammatici</strong></span> <span class='ocrx_word' id='word_1_224' title='bbox 1448 2548 1611 2584; x_wconf 84' lang='lat' dir='ltr'><strong>veteres</strong></span> 
     </span>
     <span class='ocr_line' id='line_1_32' title="bbox 136 2616 1609 2685; baseline -0.005 -16"><span class='ocrx_word' id='word_1_225' title='bbox 136 2637 247 2685; x_wconf 75' lang='lat' dir='ltr'><strong>quos</strong></span> <span class='ocrx_word' id='word_1_226' title='bbox 281 2638 430 2669; x_wconf 82' lang='lat' dir='ltr'><strong>versus</strong></span> <span class='ocrx_word' id='word_1_227' title='bbox 455 2618 696 2667; x_wconf 82' lang='lat' dir='ltr'><strong>Simonidis</strong></span> <span class='ocrx_word' id='word_1_228' title='bbox 730 2619 907 2667; x_wconf 86' lang='lat' dir='ltr'><strong>nominc</strong></span> <span class='ocrx_word' id='word_1_229' title='bbox 944 2618 1198 2683; x_wconf 82' lang='lat' dir='ltr'><strong>insigniunt,</strong></span> <span class='ocrx_word' id='word_1_230' title='bbox 1234 2616 1470 2665; x_wconf 85' lang='lat' dir='ltr'><strong>maximam</strong></span> <span class='ocrx_word' id='word_1_231' title='bbox 1506 2632 1609 2681; x_wconf 90' lang='lat' dir='ltr'><strong>par-</strong></span> 
     </span>
    </p>
   </div>
   <div class='ocr_carea' id='block_1_9' title="bbox 136 2693 1610 2821">
    <p class='ocr_par' dir='ltr' id='par_1_9' title="bbox 136 2693 1610 2821">
     <span class='ocr_line' id='line_1_33' title="bbox 136 2693 1610 2766; baseline -0.003 -20"><span class='ocrx_word' id='word_1_232' title='bbox 136 2709 223 2748; x_wconf 82' lang='lat' dir='ltr'><strong>tem</strong></span> <span class='ocrx_word' id='word_1_233' title='bbox 280 2711 383 2748; x_wconf 79' lang='lat' dir='ltr'><strong>sunt</strong></span> <span class='ocrx_word' id='word_1_234' title='bbox 432 2697 636 2766; x_wconf 83' lang='lat' dir='ltr'><strong>dactylici</strong></span> <span class='ocrx_word' id='word_1_235' title='bbox 690 2697 756 2747; x_wconf 79' lang='lat' dir='ltr'><strong>vel</strong></span> <span class='ocrx_word' id='word_1_236' title='bbox 810 2698 908 2765; x_wconf 90' lang='lat' dir='ltr'><strong>puri</strong></span> <span class='ocrx_word' id='word_1_237' title='bbox 961 2695 1027 2746; x_wconf 82' lang='lat' dir='ltr'><strong>vel</strong></span> <span class='ocrx_word' id='word_1_238' title='bbox 1086 2696 1341 2762; x_wconf 82' lang='lat' dir='ltr'><strong>logaoedici.</strong></span> <span class='ocrx_word' id='word_1_239' title='bbox 1441 2693 1610 2743; x_wconf 83' lang='lat' dir='ltr'><strong>Marius</strong></span> 
     </span>
     <span class='ocr_line' id='line_1_34' title="bbox 1310 2773 1343 2821; baseline 0 0"><span class='ocrx_word' id='word_1_240' title='bbox 1310 2773 1343 2821; x_wconf 83' lang='lat'><strong>4</strong></span> 
     </span>
    </p>
   </div>
  </div>
 </body>
</html>
