1826 3080
921 143 985 189 72

204 284 277 323 πεῖ
310 276 471 335 δώματι
504 275 836 338 χαλκεογόμφῳ,
871 276 1045 338 κυανέῳ
1078 294 1124 321 τε
1158 275 1331 339 δνόφῳ,
1366 276 1413 324 in
1447 295 1537 343 quo
1570 291 1683 327 stra-

202 369 270 404 tus
316 346 487 421 jacebat
531 374 663 421 puer,
712 374 802 402 non
849 354 1118 403 versabatur.
1199 355 1316 403 Tum
1362 356 1682 421 χαλκεογῦμφφ

200 437 246 482 δὲ
286 434 623 496 (χαλκεογόμφω
667 436 714 480 δὲ
762 434 907 483 Guelf.
950 433 1073 496 Ald.)
1119 433 1243 483 libri:
1293 453 1376 482 nos
1420 434 1682 500 particulam

198 515 560 582 prescripsimus,
604 514 728 579 cujus
762 515 808 561 in
842 513 987 562 locum
1022 532 1068 560 τε
1102 514 1298 562 certatim
1334 513 1571 563 suffectum
1606 528 1683 567 est.

197 596 371 660 Dignus
406 606 469 642 est
504 594 578 659 qui
614 592 867 640 conferatur
900 593 1130 642 Dissenius
1177 593 1235 641 ad
1269 593 1400 642 Pind.
1435 583 1566 663 Pyth.⁸
1601 594 1679 654 IX,

197 677 238 723 6.
288 675 343 721 de
385 671 610 738 adjectivis
657 671 817 736 junctis
862 671 927 720 vel
974 691 1065 720 non
1110 673 1282 737 junctis.
1364 672 1683 735 Νυκτιλαμπῆς

194 755 366 812 δνόφος
401 752 606 800 tenebrae
642 763 768 808 sunt,
805 750 955 817 quales
990 764 1116 801 nocte
1152 752 1321 810 lucent,
1355 752 1397 800 h.
1436 772 1471 802 e.
1508 753 1679 812 σκότος,

195 846 240 881 ut
292 832 425 880 simili
476 831 719 897 antiphrasi
766 830 916 897 Eurip.
972 831 1117 898 lphig.
1174 833 1307 880 Taur.
1359 833 1470 880 110.
1518 831 1682 889 vum-‹35-

192 911 308 972 ὄμμα
342 909 560 970 amulag—j
585 911 741 959 Aesch.
774 911 915 959 Perss.
956 911 1070 962 420.
1113 915 1318 971 κελαινῆς
1350 909 1513 967 νυκτός
1546 910 1678 973 ὄμμα,

189 993 230 1040 h.
275 1012 308 1039 e.
355 991 571 1040 tenebrae.
641 991 731 1038 Cfr.
778 990 960 1039 Seidler.
1006 991 1159 1058 Eurip.
1205 991 1403 1039 Troadd.
1440 993 1551 1040 566.
1620 992 1678 1042 Et

189 1071 391 1121 additum
431 1071 489 1119 ad
525 1069 845 1137 dispellendam
869 1070 1079 1119 orationis
1113 1071 1424 1121 obscuritatem
1461 1075 1676 1145 κυαένέφ

187 1171 230 1197 τε
272 1150 441 1213 δνόφῳ.
512 1143 660 1213 'Quod
696 1142 1009 1215 interpretibus
1051 1148 1216 1216 placuit
1250 1162 1292 1199 et
1325 1151 1538 1200 Passovio
1571 1152 1673 1200 Lex.

185 1252 216 1279 s.
265 1251 301 1278 v.
349 1231 558 1296 conjungi
602 1229 895 1286 νυκτιλαμπὲς
938 1231 1086 1287 δῶμα,
1139 1228 1187 1276 id
1241 1230 1458 1278 sermonis
1501 1229 1675 1295 legibus

185 1321 411 1377 repugnat.
493 1309 632 1373 Quod
675 1320 739 1356 est
772 1308 818 1355 in
851 1307 940 1356 fine
976 1307 1174 1356 versiculi
1207 1314 1379 1366 ταθείς,
1422 1328 1506 1358 nos
1548 1322 1671 1359 extu-

183 1389 331 1437 dimus
377 1408 427 1436 ex
474 1388 605 1436 variis
653 1387 882 1453 scripturis
915 1387 1156 1436 librorum:
1201 1388 1347 1437 Guelf.
1392 1393 1592 1436 κυαναίω
1626 1408 1672 1436 τε

182 1468 339 1528 δνόφω
374 1467 471 1538 τοέν
506 1467 550 1514 δ’
588 1472 667 1522 εἰς
701 1466 868 1514 αὐλέαν
903 1466 940 1513 δ’
975 1464 1177 1528 ὕπερθέν
1209 1466 1314 1531 τεοὲν
1347 1487 1469 1535 sqq.;
1505 1467 1672 1518 Aldus:

183 1553 381 1611 κυαναίῳ
428 1567 471 1594 τε
515 1547 674 1611 δνόφῳ
717 1547 843 1594 τάδε
890 1551 938 1593 εἰ
948 1568 971 1602 ς
1016 1546 1183 1593 αὕλέαν
1227 1545 1265 1593 δ’
1309 1544 1511 1609 ’ὕπερθεν
1552 1547 1669 1596 τεάν.

181 1629 299 1676 Hinc
335 1639 437 1675 nata
474 1626 666 1691 vulgaris
702 1627 940 1692 scriptura,
976 1645 1089 1691 quae
1124 1625 1278 1674 eadem
1314 1638 1379 1674 est
1410 1626 1584 1675 Ursini:
1616 1629 1671 1674 τῦ

180 1707 216 1754 δ’
252 1707 448 1753 αὖαλέαν
481 1703 654 1765 ὕπερθε
686 1703 791 1751 τεοῖν
827 1725 948 1771 sqq„
995 1706 1080 1754 nisi
1115 1705 1238 1772 quod
1273 1704 1368 1754 aliis
1403 1703 1458 1752 vo?
1491 1703 1530 1752 δ’
1564 1704 1670 1752 αὖα·

179 1789 307 1842 λέαν,
346 1784 402 1832 σύ
437 1785 475 1831 δ’·
510 1784 706 1831 αὕαλέαν
743 1784 839 1833 aliis
872 1784 1047 1851 placuit.
1118 1785 1284 1834 Aldina
1320 1795 1427 1833 teste
1460 1783 1667 1834 Goellero

177 1867 237 1913 τοί
284 1865 326 1912 δ’
374 1870 452 1919 εἰς
493 1864 659 1911 αὕλέαν
705 1877 746 1913 et
780 1865 894 1913 inter
939 1883 1090 1913 versus
1129 1883 1189 1911 το
1233 1863 1278 1911 δ’
1323 1868 1410 1919 εἰς.
1479 1865 1667 1914 Nostrae

177 1947 419 2012 scripturae
454 1943 565 2010 lapis
601 1945 772 2013 Lydius
807 1956 871 1992 est
904 1944 1026 2010 quod
1059 1956 1160 2011 post
1194 1943 1361 1990 αὕλέαν
1394 1944 1594 1993 inserunt
1628 1946 1664 1993 δ’

179 2027 277 2074 libri
324 2038 497 2073 veteres.
578 2023 783 2089 Ceterum
826 2029 1015 2083 βαθεῖαν
1067 2035 1194 2071 vocat
1236 2022 1400 2083 κόμαν,
1430 2023 1663 2089 Δ(Ῑιιοιιὶειιιι

179 2105 362 2153 Perseus
406 2105 573 2162 τριέτης
606 2100 633 2161 ἢ
666 2105 894 2164 τετραέτης
925 2102 1164 2161 γενόμενος
1208 2121 1308 2151 cum
1345 2115 1485 2166 matre
1521 2102 1662 2152 flucti-

177 2185 260 2232 bus
296 2184 555 2231 commissus
590 2195 703 2239 erat,
738 2203 775 2229 v.
813 2181 957 2230 Schol.
994 2180 1139 2248 Apoll.
1176 2181 1261 2230 Rh.
1297 2183 1383 2240 IV,
1420 2184 1562 2232 1091.

282 2264 352 2311 11.
390 2261 623 2321 περιόντος
658 2261 803 2311 Guelf.
915 2263 989 2311 13.
1027 2260 1124 2308 οὐδ’
1161 2260 1330 2322 ἆνέμον
1363 2261 1529 2326 (Aldus
1563 2261 1662 2310 ἀνέ-

175 2344 282 2405 μου)
328 2341 535 2402 φθόγγον
584 2340 727 2389 Guelf.
773 2341 927 2390 Aldus.
1069 2341 1144 2389 14.
1203 2341 1444 2403 πορφυρεά
1489 2345 1662 2402 χλανίσι

175 2422 318 2471 Guelf.
370 2422 422 2469 Et
462 2420 603 2468 Aldus
635 2421 826 2469 Goelleri
862 2424 1112 2481 πορφυρὲα,
1149 2421 1430 2470 emendatum
1467 2421 1512 2469 in
1539 2437 1658 2469 mar-

175 2503 276 2567 gine
312 2500 580 2549 Monacensi.
640 2501 810 2549 Deinde
845 2500 1090 2561 πρόςωπον
1126 2500 1266 2548 καλὸν
1300 2500 1546 2562 πρόςωπον
1577 2497 1656 2547 Al·

176 2583 278 2629 dus:
315 2580 558 2640 πρόςωπον
592 2581 638 2625 u}
675 2578 757 2626 λὸν
792 2578 1034 2640 πρόςωπον
1069 2580 1214 2629 Guelf.
1322 2581 1396 2629 15.
1430 2574 1458 2639 ἦ
1495 2577 1656 2636 Guelf.,

171 2656 198 2720 ᾗ
248 2661 399 2708 Aldus.
522 2660 603 2707 16εε
636 2661 707 2705 καὶ
753 2662 834 2718 μέν
870 2660 1038 2717 Guelf.,
1082 2662 1208 2707 κέκεν
1241 2659 1396 2709 Aldus.
1466 2655 1656 2707 Posthac

176 2740 379 2797 ῥημάτων
415 2742 585 2784 λεπτῶν
621 2737 808 2787 Colbert.
848 2740 955 2804 Reg.
985 2740 1015 2787 1.
1051 2738 1197 2788 Guelf.
1226 2739 1380 2788 Aldus.
1426 2737 1655 2797 Ῥημάτων
