1826 3080
883 147 979 195 130

184 299 441 348 expromere
487 300 628 331 visum
673 293 737 330 est
784 280 849 330 vel
895 280 1146 347 supplenda
1191 280 1258 331 vel
1305 281 1586 331 emendanda
1629 283 1675 332 in

183 362 251 411 his
285 362 546 427 fragmentis
582 361 743 429 lyricis.

317 442 388 491 Fr.
426 441 542 497 XII,
577 459 727 489 versus
764 440 806 487 6.
846 451 887 487 et
921 441 999 487 20.
1050 452 1098 489 ut
1139 440 1226 489 sibi
1261 439 1322 488 ad
1356 439 1577 491 amussim
1603 458 1674 491 re-

182 521 451 588 spondeant,
488 520 707 585 Bergkius
743 538 869 570 meus
904 519 1057 570 scribit
1093 520 1140 568 in
1174 519 1251 570 illo
1286 539 1438 571 versu:
1485 518 1541 567 ὃν
1567 515 1676 579 ἁμά-

180 620 319 659 χανος
347 616 382 647 σ.
412 621 475 656 n,
511 600 557 647 in
594 599 679 647 hoc
715 601 789 645 ἐπὶ
824 599 860 644 δ’
896 597 1033 659 ὔμμιν
1067 598 1218 660 εὑρών
1253 599 1520 660 ἀπαγγελέω.

318 683 388 728 Fr.
427 681 548 728 XIX.
597 678 857 727 Memoriter
890 678 1036 727 rettuli
1072 679 1128 728 de
1162 680 1378 728 sententia
1413 677 1672 728 Hermanni.

185 761 317 808 Libro
354 760 474 826 apud
511 760 705 809 amicum
741 759 890 809 denuo
921 760 1120 826 inspecto
1141 758 1232 807 vidi
1256 759 1565 809 Hermannum
1593 756 1676 806 ad-

179 840 285 888 dere
320 840 452 888 haec:
488 840 614 889 »Nisi
652 840 764 888 forte
796 838 1029 900 δενδρεῶν’
1058 838 1268 895 ἐςελθῶν,
1303 840 1484 898 τέμενος
1504 833 1675 897 drzu&

180 919 305 975 Διός.
322 942 343 960 «
394 919 448 968 In
487 939 576 986 quo
613 921 847 982 δενδρεῶν’
882 920 1039 968 eximie
1071 919 1331 986 probamus,
1365 919 1412 967 in
1437 917 1563 985 quod
1581 917 1675 966 Bo-

181 1000 321 1047 thium
357 1018 534 1065 quoque
569 1000 778 1049 incidisse
811 991 965 1066 postea
995 999 1316 1066 comperimus:
1334 998 1391 1052 ,is
1415 1009 1567 1048 tamen
1586 995 1672 1047 alia

179 1091 404 1145 praeterea
440 1078 632 1127 molitur.
713 1079 852 1143 Quod
889 1079 1015 1128 addit
1051 1081 1357 1137 Hermannus,
1393 1097 1487 1126 non
1518 1076 1676 1126 lusisse

180 1158 458 1207 Simonidem
494 1159 539 1207 in
576 1160 790 1224 ambiguo
825 1160 907 1208 viri
933 1159 1127 1217 nomine,
1162 1159 1199 1207 si
1229 1177 1408 1207 carmen
1430 1156 1564 1206 suerit
1585 1158 1675 1204 ἐπι-

178 1245 347 1295 νίκιον,
395 1258 486 1287 non
530 1239 751 1306 perspicio
794 1258 882 1306 qua
926 1238 1109 1288 tandem
1144 1238 1315 1286 ratione
1348 1247 1504 1305 poetae
1538 1235 1674 1285 verba

178 1319 304 1369 aliter
329 1319 538 1385 explicari
559 1319 742 1386 possint.
779 1318 933 1382 Quum
959 1319 1088 1367 Crius
1117 1318 1250 1367 fuerit
1273 1317 1475 1374 luctator,
1509 1334 1675 1366 nomen

178 1400 274 1465 ejus
318 1398 377 1447 ad
412 1398 493 1448 has
530 1398 709 1447 facetias
744 1399 968 1447 neminem
1012 1417 1104 1446 non
1139 1397 1371 1446 alliciebat.
1442 1388 1675 1446 Praeterea

179 1481 464 1529 Hermannus
508 1479 726 1528 incertum
770 1479 877 1527 dicit
911 1477 1198 1526 Simonideus
1235 1477 1364 1526 Crius
1407 1476 1586 1526 idemne
1617 1476 1676 1526 sit

177 1579 278 1610 cum
315 1558 585 1617 Herodoteo‚
621 1579 677 1608 an
713 1559 876 1617 minus,
910 1577 1049 1625 quum
1086 1558 1346 1624 praesertim
1383 1557 1474 1607 Crii
1511 1569 1554 1607 et
1582 1556 1671 1607 Po-

179 1640 324 1709 lycriti
359 1639 543 1688 nomina
579 1638 818 1688 alternasse
853 1638 928 1687 illa
962 1639 1009 1687 in
1046 1649 1176 1702 gente
1210 1637 1455 1687 videantur.
1530 1636 1674 1687 Nobis

181 1740 271 1770 non
308 1732 373 1770 est
408 1719 612 1776 dubium,
646 1719 755 1784 quin
791 1717 908 1767 idem
945 1718 1001 1767 sit
1032 1717 1168 1766 homo
1195 1716 1419 1766 Simonidi
1454 1715 1673 1782 aequalis:

180 1800 418 1849 alternasse
453 1798 637 1847 nomina
674 1797 764 1846 Crii
800 1809 842 1846 et
875 1796 1088 1866 Polycriti
1125 1797 1225 1864 quis
1262 1795 1454 1847 dimit?
1507 1796 1674 1863 Nepos,

178 1893 227 1929 ut
259 1880 415 1937 fiebat,
453 1879 521 1927 avi
556 1896 721 1927 nomen
757 1877 969 1942 gestabat.

315 1959 386 2007 Fr.
410 1960 458 2007 L.
496 1957 728 2007 exordium
751 1976 871 2005 nunc
896 1956 1078 2005 demum
1109 1956 1284 2024 repperi
1307 1953 1535 2022 quomodo
1562 1955 1671 2004 scri-

179 2040 314 2106 pserit
333 2050 475 2106 poeta.
519 2039 634 2086 Nam
663 2056 802 2103 quum
822 2036 925 2085 libri
947 2049 1112 2085 veteres
1135 2055 1181 2083 τε
1202 2033 1290 2095 μήν
1311 2034 1591 2102 praeberent,
1624 2034 1672 2084 in

180 2139 318 2186 eoque
341 2121 388 2165 τέ
406 2138 480 2177 μιν
499 2118 633 2167 latere
657 2117 830 2166 dudum
849 2117 1182 2184 perspexissem,
1213 2134 1366 2164 rursus
1385 2113 1673 2180 abjoeiebam,

180 2199 361 2266 quando
398 2197 646 2264 exemplum
685 2198 836 2246 aoristi
872 2196 1052 2246 alterius
1084 2193 1253 2257 ἤριπον
1287 2194 1518 2245 transitivo
1538 2213 1672 2244 sensu

181 2278 380 2346 usurpati
397 2296 488 2325 non
512 2278 784 2344 suppetebat.
824 2277 1021 2325 Id-nunc
1044 2275 1343 2343 suppeditavit
1363 2274 1575 2324 Herodot.
1592 2274 1673 2332 IX,

184 2363 256 2407 70.
284 2361 421 2413 Τέλος
433 2359 656 2417 ἐπέβησαν
678 2356 918 2417 Ἀθηναῖοι
929 2360 1012 2403 τοῦ
1029 2361 1196 2414 τείχεος
1212 2359 1286 2402 καὶ
1307 2354 1540 2415 ἤριπον,
1557 2371 1672 2422 quae

183 2450 246 2487 est
264 2449 471 2487 constans
484 2436 699 2485 librorum
719 2437 950 2504 scriptura.
974 2437 992 2483 Ι
998 2448 1039 2484 ta
1056 2435 1194 2499 igitur
1211 2435 1387 2501 scripsit
1395 2433 1671 2484 Simonides:

302 2515 410 2566 ”Ota
445 2515 633 2577 λάρνακι
668 2515 704 2562 δ’
741 2519 791 2563 ἐν
826 2517 1032 2578 δαιδαλέᾳ
1067 2514 1232 2573 ἄνεμός
1266 2516 1311 2561 τέ
1345 2533 1420 2573 μιν

317 2600 466 2645 πνέων
502 2596 733 2656 κινηθεῖσά
767 2615 811 2643 τε
847 2601 978 2655 λίμνα

316 2683 479 2736 δείματι
512 2676 694 2737 ἤριπεν,
733 2675 817 2724 οὐκ
853 2674 1098 2723 ἅδιάνταισι
1132 2680 1335 2734 παρειαῖς

318 2758 437 2817 ἀμφὶ
468 2777 511 2804 τε
548 2758 712 2815 Περσέι·
742 2756 876 2816 βάλλε
912 2759 1051 2816 φίλαν
1085 2756 1193 2813 χέρα
1231 2753 1326 2801 εἶπέ
1359 2770 1402 2798 τε
1437 2756 1525 2797 κτλ.
