1826 3080
867 120 963 168 142

168 257 383 318 λιπαρᾶν,
427 274 539 323 quae
583 258 629 305 in
680 257 831 305 lonico
877 255 1071 304 carmine
1114 243 1334 316 γλυκερῆν
1375 267 1420 304 et
1460 255 1655 317 λιπαροὶ*

167 348 387 387 sonarent.
457 335 576 384 Illud
612 336 747 401 igitur
782 335 970 383 maxime
1005 332 1281 392 mirandum,
1331 334 1447 383 hanc
1481 334 1654 387 dialecti

167 417 456 466 constantiam
495 414 622 480 perdi
659 433 785 462 versu
827 415 899 461 11.
941 415 1038 469 12„
1082 414 1129 461 in
1174 413 1337 479 quibus
1379 412 1528 464 subito
1561 415 1655 464 Do-

167 498 255 545 rica
291 496 478 559 ingruit:
527 494 718 552 οἷγλαοὶν,
766 498 917 549 νίκαν,
955 496 1166 549 Μοισᾶν,
1213 510 1326 559 quae
1362 511 1516 543 rursus
1550 512 1657 544 oona

167 576 276 640 fligit
325 593 423 623 cum
474 575 616 621 forma
656 573 793 639 Epica
838 572 1003 620 θεάων.
1074 572 1165 621 Sed
1208 571 1308 621 illos
1342 590 1494 622 versus
1527 572 1658 623 obelo

166 655 447 710 confiximus,
496 653 705 718 quoniam
744 651 828 700 alia
864 657 1047 708 νοθείας
1080 652 1242 700 indicia
1279 651 1507 701 accedunt.
1575 651 1659 700 Al.—

166 738 295 783 ticam
321 733 559 781 dialectum
583 743 834 780 monstrant
862 732 1199 798 Epigrammata
1226 731 1476 780 CXLVIII.
1499 731 1659 781 XLIX.

165 815 276 862 LIX.
326 812 536 860 LXXIII.
581 811 850 860 LXXXVII.
894 812 1180 860 LXXXVIII.
1230 811 1475 861 LXXXIX.
1519 811 1657 860 XCII.

167 894 301 940 XCV.
338 892 495 940 XCIX.
535 892 670 939 CCII.
708 892 788 940 111.
830 892 906 938 IV.
939 894 995 951 V·
1034 890 1138 939 VII.
1176 892 1295 940 VIII.

301 972 413 1019 Sunt
462 982 610 1018 tamen
656 970 785 1036 plura
821 971 1157 1037 Epigrammata
1187 969 1447 1019 hominibus
1479 970 1659 1054 scripta,

164 1070 353 1117 quorum
400 1051 542 1117 patria
590 1068 703 1115 quae
746 1050 877 1116 fuerit
918 1050 1171 1115 ignoratum
1226 1061 1331 1099 sunt
1365 1068 1479 1115 quae
1513 1051 1659 1116 neque

167 1132 350 1180 Doricas
387 1148 530 1195 neque
568 1129 742 1179 Ionicas
781 1118 947 1178 formas
983 1129 1170 1188 habent,
1208 1140 1257 1177 ut
1303 1129 1480 1195 Epigrr.
1517 1127 1656 1177 CLII.

167 1210 374 1258 lxvssl.
412 1209 591 1256 LXXII.
613 1210 742 1256 VIII.
779 1209 856 1256 IX.
892 1210 1070 1256 LXXX.
1098 1209 1177 1257 111.
1208 1207 1284 1256 IV.
1320 1207 1490 1256 XCIII.
1526 1207 1657 1257 CCX.

166 1292 238 1338 xt.
278 1289 387 1336 XII.
423 1289 544 1336 XIV.
582 1290 704 1335 XVI.
742 1289 882 1335 XVII.
922 1288 1041 1335 ΧΙΧ.
1076 1289 1174 1335 XX.
1221 1283 1430 1351 Quorum
1464 1288 1659 1337 maxima

165 1389 268 1438 pars
311 1369 469 1417 Atticis
514 1369 677 1434 scripta
722 1368 908 1417 videtur.
985 1366 1077 1414 Sed
1111 1385 1168 1415 ne
1202 1366 1302 1433 quis
1337 1385 1420 1415 nos
1456 1366 1659 1417 licentius

161 1453 207 1498 in
247 1449 434 1498 dialecto
480 1448 789 1496 constituenda
837 1458 1060 1512 grassatos
1103 1459 1336 1513 queratur,
1377 1447 1533 1513 viginti
1566 1447 1660 1500 fere

166 1531 284 1579 locos
320 1527 440 1577 nulla
478 1527 695 1576 librorum
731 1526 989 1576 auctoritate
1023 1525 1116 1573 nixi
1151 1525 1208 1574 de
1241 1539 1395 1577 nostro
1429 1527 1490 1576 ad
1523 1528 1663 1578 ratio·

167 1629 268 1658 nem
306 1608 555 1674 coegimus:
593 1606 765 1673 reliqua
798 1625 890 1654 non
925 1606 972 1653 in
1008 1605 1160 1663 editis,
1194 1606 1276 1655 sed
1308 1606 1356 1654 in
1390 1606 1516 1656 libris
1550 1607 1661 1657 scri-

165 1691 251 1756 ptis
287 1689 426 1737 amice
463 1687 807 1736 concordabant.
878 1685 1026 1733 Habet
1061 1696 1209 1733 autem
1245 1684 1354 1734 haec
1388 1698 1540 1736 nostra
1576 1685 1660 1735 do-

167 1770 306 1818 ctrina
351 1769 466 1817 hanc
509 1768 597 1816 vim
650 1779 693 1815 et
738 1765 992 1823 utilitatem,
1040 1777 1090 1814 ut
1134 1765 1214 1814 ubi
1261 1776 1415 1814 contra
1457 1765 1660 1832 regulam

167 1861 394 1916 peccatum
433 1848 510 1905 sit,
553 1832 825 1895 cautionem.
847 1844 1151 1894 adhibendam
1187 1856 1424 1911 appareat,
1467 1863 1526 1894 ne
1560 1845 1662 1912 quis

167 1929 439 1978 carminibus
482 1926 772 1994 supposititiis
815 1925 902 1973 sibi
936 1924 1108 1991 imponi
1142 1924 1348 1991 patiatur.
1426 1924 1544 1974 Hinc
1577 1923 1660 1974 ad-

166 2008 376 2057 minicula
412 2007 645 2074 petivimus
681 2005 921 2054 sententiae
955 2016 1146 2062 nostrae,
1181 2023 1269 2071 qua
1302 2003 1477 2071 Epigrr.
1498 2003 1690 2054 CLIII*

168 2089 242 2135 IV.
281 2091 331 2134 V.
383 2087 440 2135 ab
489 2087 578 2135 Ceo
624 2097 754 2152 poeta
800 2084 1164 2151 abjudicavimus.
1246 2083 1338 2132 Ubi
1373 2095 1521 2133 autem
1555 2083 1660 2134 libri

167 2167 358 2222 variant,
420 2166 528 2232 quid
572 2165 853 2232 potissimum
901 2182 1086 2230 sequare
1132 2176 1228 2213 tum
1262 2163 1454 2213 'demum
1498 2163 1661 2232 poterit

167 2246 357 2302 decerni,
394 2247 430 2295 si
466 2246 536 2294 cui
573 2244 786 2311 scriptum
822 2244 878 2293 sit
909 2262 1088 2293 carmen
1118 2243 1388 2294 declaratum
1414 2243 1558 2293 fuerit.
1591 2243 1660 2295 Ita
1719 2290 1721 2292 .

167 2330 212 2375 in
254 2327 404 2393 Epigr.
445 2325 601 2374 CCVI.
647 2343 766 2373 nunc
810 2323 991 2372 demum
1036 2335 1272 2390 postquam
1308 2324 1571 2389 Aeginetam
1606 2339 1660 2373 ex

167 2409 272 2471 fuga
320 2406 605 2462 retraximus,
656 2405 866 2453 Doricam
924 2402 1158 2452 dialectum
1213 2402 1508 2453 revocandam
1564 2418 1659 2452 esee

168 2487 399 2552 apparuit,
459 2504 572 2551 quae
616 2485 661 2532 in
710 2505 772 2531 vv.
816 2483 1165 2544 Ὀλυμπιονίκαν
1207 2497 1247 2533 et
1297 2480 1660 2542 παλαισμοσύνας

169 2569 339 2631 integra
375 2577 567 2620 servata,
611 2565 656 2611 in
692 2584 756 2611 vv.
794 2562 984 2623 ἡνίοχον
1020 2575 1062 2613 et
1095 2568 1278 2624 μορφῆς
1312 2563 1458 2612 locum
1494 2560 1657 2609 fecerat

168 2646 335 2694 formae
380 2645 562 2710 vulgari.
651 2644 993 2692 Permixtionem
1050 2643 1338 2692 dialectorum
1386 2641 1567 2691 serimus
1612 2640 1658 2688 in

170 2725 312 2773 media
359 2738 399 2773 et
446 2724 566 2773 finali
609 2723 781 2791 syllaba
828 2724 1112 2791 pentametri,
1167 2723 1245 2772 ubi
1302 2733 1430 2789 poeta
1482 2720 1658 2787 saepius
