1826 3080
899 139 965 186 96

198 275 367 339 Corrig.
392 275 438 322 C.
465 275 624 322 Inscrr.
650 274 687 330 Ι,
722 291 763 339 p.
789 272 901 320 914.
969 275 1014 319 2.
1049 271 1174 320 Libri
1209 270 1370 333 ἀραιόν
1402 274 1460 328 τέ,
1482 275 1592 321 ἐστιε
1627 274 1674 322 iu

197 373 286 420 quo
330 353 463 402 latere
510 352 772 412 ἀρυόντεσσι
822 370 907 399 vox
948 349 1199 398 πολύλλιστ’
1251 369 1437 416 arguere
1489 351 1674 419 videtur,

196 452 333 499 quum
370 431 660 500 appellatione
693 449 907 497 personae
941 449 1052 498 opus
1086 430 1155 488 sit,
1189 430 1314 496 cujus
1339 429 1546 498 precibus
1578 450 1673 480 am-

196 512 343 560 biatur
377 512 493 560 Clio:
528 529 715 576 sequens
750 521 895 558 autem
930 509 1295 570 ἀχρυσόπεπλον,
1329 529 1414 578 pro
1448 529 1538 577 quo
1572 512 1672 560 Urs.

195 590 555 651 ἆχρυσόπεπλος,
607 601 709 655 post
751 608 885 655 quam
926 609 1075 639 vocem
1119 588 1301 638 lacunae
1342 590 1471 655 signa
1491 590 1675 657 'posuit⁹

196 682 342 718 manet
362 669 587 735 Oedipum
607 688 758 726 suum3
793 669 1000 735 conjicias
1035 670 1313 735 designatum
1347 669 1483 719 fuisse
1514 668 1676 727 locum,

194 749 313 797 unde
355 768 471 815 aqua
517 761 711 815 petatur:
755 748 963 798 hariolari
1009 750 1046 799 si
1079 749 1293 817 placeret,
1335 747 1676 798 hariolaremnrt

195 829 418 900 ἀδελφεᾶν
461 826 555 875 ὑπὸ
600 830 949 888 χρυσοπέπλων,
998 841 1047 878 ut
1086 830 1133 877 in
1166 829 1312 896 priore
1351 827 1423 876 Fr.
1458 839 1525 877 est
1557 834 1677 876 Moc-

194 911 279 954 σᾶν
322 907 600 967 καλλικόμων
643 908 905 969 ὑπένερθεν.
977 909 1032 956 In
1080 908 1167 957 fine
1218 904 1445 969 ἐρατεινὸν
1497 906 1675 974 scripsi·
1749 952 1753 955 ,

193 1006 317 1036 mus:
350 987 483 1053 vulgo
519 987 694 1049 ἔρανόν.
764 989 913 1037 Possis
949 1000 1095 1036 tamen
1131 1000 1173 1037 et
1207 986 1410 1048 ἐραννάν.

764 1138 907 1174 LXXV.
946 1137 1104 1172 LXXVI.

327 1225 508 1274 Aristid.
558 1229 658 1286 περὶ
701 1230 784 1273 τοῦ
828 1228 1109 1287 παραφθέγμ.
1145 1226 1236 1284 ΙΠ,
1278 1245 1321 1293 p.
1356 1225 1468 1275 648.
1503 1223 1675 1273 Cantor.

194 1306 308 1365 Φέρε
341 1302 396 1364 δή
429 1307 502 1351 καὶ
535 1309 673 1352 ταῦτα
706 1307 948 1362 ἐξὲτασον·’
1484 1301 1490 1307 ’

257 1405 316 1454 ‘A
348 1414 504 1455 Μοῖσα
544 1405 629 1467 γαρ
673 1406 758 1455 οὐκ
802 1406 986 1468 ἀπόρως
1030 1405 1210 1455 σπεύδει
1254 1402 1306 1452 τὸ
1339 1401 1489 1466 παρὸν
1521 1403 1678 1473 μόνον,

1133 1483 1227 1534 ἀλλ’
1263 1486 1489 1546 ἐπέρχεται

260 1566 404 1613 πάντα
436 1569 711 1627 θεριζομένα.

260 1711 420 1723 ——vv
472 1711 693 1723 -νν--
737 1711 992 1722 -νν-νν
1040 1711 1251 1722 —tr—v—

267 1790 571 1802 vvvvvvv

194 1863 335 1908 Versu
373 1860 413 1906 1.
449 1862 619 1905 Μοῦσα
643 1858 797 1923 vulgo.
876 1858 995 1905 Tum
1036 1858 1174 1916 γεύειε
1218 1856 1363 1905 Reisk.
1407 1854 1581 1921 δᾶεᾴιι
1611 1854 1679 1904 vel

195 1937 418 1985 σκοπεύει;
456 1956 538 1985 nos
574 1937 762 1984 σπεύδει.
869 1941 913 1985 2.
949 1938 1211 1998 θεριζομένη
1246 1936 1400 2002 vulgo:
1434 1947 1680 1984 correctum

195 2032 256 2067 est
301 2037 350 2065 ex
395 2017 523 2066 libris
559 2024 657 2065 ΓΘ.
725 2017 840 2065 Sunt
882 2018 990 2066 haec
1034 2029 1074 2066 et
1109 2017 1335 2083 sequentia
1371 2014 1462 2066 duo
1496 2015 1592 2063 Frr.
1627 2033 1680 2064 ex

196 2097 513 2165 dithyrambis,
564 2110 614 2144 ut
669 2097 936 2162 conjecimus
982 2115 1117 2164 supra
1161 2115 1205 2163 p.
1252 2099 1333 2145 52.-
1415 2094 1492 2143 Ob
1546 2113 1680 2160 αῖς-ω

196 2179 328 2226 menti
365 2176 695 2225 similitudinem
739 2176 994 2225 addidimus

332 2256 550 2305 Plutarch.
601 2257 720 2303 Prof.
768 2255 877 2304 Virt.
924 2275 966 2323 p.
1018 2258 1103 2313 79,
1153 2256 1199 2304 C.
1255 2252 1530 2302 ’Ἀνθεσιν
1565 2252 1681 2314 ὁμιὲ

197 2344 316 2383 λεῑν
373 2334 397 2382 ὁ
446 2341 774 2395 Σιμωνίδης
820 2338 956 2395 φησὶ
1003 2333 1099 2393 τήν
1151 2336 1409 2394 μέλιτταν
1465 2331 1682 2391 ξανθὰν

198 2418 317 2474 μέλι
352 2417 688 2474 μηδομέναν,
735 2418 782 2460 οἵ
812 2412 848 2460 δ’
885 2411 1011 2460 ἄλλοι
1045 2414 1188 2473 χρόαν
1223 2412 1376 2460 αὐτῶν
1417 2416 1490 2461 καὶ
1522 2409 1680 2472 ὄσμῆν,

200 2499 353 2554 ἕτερον
388 2499 435 2542 δὲ
471 2494 614 2541 οὐθὲν
650 2493 880 2552 ἀγαπῶσιν
915 2493 1022 2541 ου’δὲ
1058 2493 1374 2553 λαμβάνουσιν.
1454 2491 1580 2541 Idem
1611 2489 1681 2540 ul·

201 2578 302 2623 tima
341 2575 471 2624 verba
508 2574 638 2622 affert
674 2574 727 2622 de
764 2575 928 2622 Amore
963 2573 1079 2621 Prol.
1116 2593 1157 2639 p.
1187 2573 1299 2629 494,
1335 2573 1388 2621 Α.
1421 2584 1463 2620 et
1496 2571 1553 2620 de
1586 2570 1680 2619 Au-

199 2654 348 2703 diend.
387 2656 525 2703 Poett.
571 2673 611 2720 p.
648 2654 736 2711 41,
781 2656 828 2702 F.
900 2652 991 2713 Τήν
1032 2656 1232 2713 μέλιτταν
1272 2651 1396 2712 ἡμεῖς
1429 2649 1579 2710 σοφήν
1611 2670 1684 2698 πα-

198 2739 365 2794 λοῦμεν
401 2737 475 2781 καὶ
507 2737 741 2793 νομίζομεν
778 2731 990 2790 ξανθόν
1027 2736 1147 2794 μέλι
1182 2733 1507 2793 μηδομέναν.
1572 2730 1682 2798 Api-
