1826 3080
856 127 952 176 144

163 266 346 314 tationes
391 264 541 314 multis
587 264 796 330 exemplis
832 262 1130 312 confirmatur.
1209 262 1263 311 ln
1307 262 1414 312 haec
1442 264 1643 317 carmina

162 357 370 410 tanquam
417 345 462 392 in
508 362 692 392 vacuam
738 343 1061 408 possessionem
1108 353 1270 392 temere
1311 342 1645 410 irrueruntqni

162 436 351 473 veterum
404 436 635 491 poetarum
684 422 880 470 carmina
930 422 1166 471 emendare
1209 421 1466 488 gestiebant.
1533 422 1644 471 Pars

160 503 333 553 illarum
370 504 664 552 mutationum
702 501 889 550 dubium
926 521 1020 551 esse
1053 515 1219 569 potest,
1262 514 1423 554 utrum,
1448 501 1645 569 intel-po⁴

159 584 309 632 lationi
346 583 400 632 de
435 583 654 631 industria
689 594 916 648 susceptae
952 582 1190 641 debeatur,
1218 601 1291 632 -an
1333 599 1469 632 mero¹
1491 581 1646 640 errori,

160 664 287 713 veluti
330 664 483 730 Epigr.
531 663 779 720 CLXVIII,
831 663 870 710 1.
940 661 1066 711 Aliae
1101 680 1285 711 manum
1321 660 1647 728 interpolatoris

158 744 349 810 apertius
386 762 491 809 prae
528 762 574 791 se
609 743 770 798 ferunt,
807 760 856 790 ex
894 741 1057 807 quibus
1093 754 1194 790 sunt
1229 741 1645 808 Epigmsslflszz

159 825 296 880 CLX,
345 823 408 880 I.;
455 823 655 870 CXCIV.
701 820 886 887 aliaque.
969 821 1182 870 Inscitum
1228 821 1464 873 hominem
1494 821 1646 888 prodit

160 904 311 969 Epigr.
350 903 546 959 CXLIX,
584 906 651 957 2.,
688 902 813 967 cujus
849 901 1052 950 fraudem
1086 901 1280 966 vestigiis
1314 901 1406 950 suis
1434 913 1645 954 tenemus,

291 982 527 1031 Difficilius
571 994 663 1030 erat
711 982 981 1046 distinguere
1017 981 1424 1031 Grammaticorum
1460 990 1646 1034 *mauras

157 1083 242 1121 eas,
278 1082 391 1129 qnae
426 1082 517 1111 non
553 1062 599 1110 in
635 1062 911 1127 singulorum
946 1060 1186 1109 verborum
1222 1078 1518 1126 versuumque
1543 1078 1644 1110 mu·-

158 1142 397 1191 tationibus
431 1141 732 1191 substiterunt.
797 1143 913 1190 Nam
950 1141 1154 1206 loquaces
1189 1151 1239 1188 ut
1271 1152 1397 1190 erant
1429 1140 1646 1206 posterio-

156 1242 255 1271 rum
311 1221 587 1270 saeculorum
633 1222 949 1278 Grammatici,
1006 1219 1283 1272 Simonidem
1334 1219 1405 1268 sui
1455 1217 1643 1271 similem

155 1302 341 1350 reddere
376 1300 642 1351 studuerunt
675 1313 717 1350 et
749 1301 807 1349 ad
835 1301 1033 1367 ipsorum
1067 1299 1371 1365 garrulitatem
1395 1298 1646 1354 detrudere,

155 1382 219 1430 vel
255 1383 427 1446 integra
466 1381 652 1430 disticha
701 1381 756 1428 de
791 1399 872 1429 suo
916 1399 1037 1447 penu
1080 1379 1294 1429 addentes
1328 1377 1644 1431 munimentis,

155 1462 255 1511 simi
289 1461 571 1519 mortalium,
605 1462 803 1510 humano
841 1460 972 1526 capiti
1008 1459 1216 1508 cervicem
1255 1459 1504 1525 equinam!v
1540 1457 1644 1510 Illo-1

156 1562 255 1591 rum
292 1553 539 1590 commenta
576 1542 851 1606 exagitamus
886 1540 933 1588 in
968 1540 1120 1606 Epigr.
1161 1539 1385 1595 CLV;III
1431 1539 1646 1593 CLXIX&

157 1623 373 1677 CXCVI.;
408 1621 589 1667 CCXXI
600 1621 678 1676 II.;
712 1620 758 1667 in
785 1619 1079 1684 suspicionem
1105 1637 1314 1667 vocamus
1341 1619 1506 1730 Epigr.
1500 1619 1643 1667 ΟΟΥ.

159 1721 305 1750 versus
346 1701 419 1748 11.
460 1701 533 1747 12.
570 1727 640 1735 —-
1515 1729 1518 1734 -
1590 1730 1592 1732 ψ

290 1780 561 1828 Seclusimus
598 1778 655 1827 ab
691 1779 774 1828 hac
801 1779 1185 1868 Epigrammatum
1219 1777 1410 1827 editione
1433 1796 1502 1835 ea,
1531 1795 1646 1843 quae

156 1860 431 1909 Simonidem
475 1878 567 1907 non
615 1858 779 1908 habere
831 1870 1052 1907 auctorem
1107 1857 1254 1924 primo
1302 1857 1460 1907 obtutu
1502 1856 1646 1923 quim

155 1939 368 2004 intelligit.
448 1940 505 1988 In
541 1938 857 1988 Gaisfordiana
901 1937 1105 2002 congerie
1146 1955 1384 1987 ,numerum
1419 1934 1586 1998 hahent
1603 1953 1644 1983 aa

160 2020 287 2068 nobis
322 2019 505 2067 omissa:
541 2019 719 2068 XLIII.
753 2018 914 2068 XLIV.
951 2019 1085 2066 XLV.
1120 2016 1184 2065 LI
1228 2016 1341 2080 (jam
1375 2014 1434 2064 ab
1467 2013 1646 2070 Reisffit

159 2099 452 2159 damnatum).
499 2099 617 2146 LIX.
673 2099 767 2146 LX.
815 2097 964 2147 LXL·
988 2096 1151 2146 LXVI.
1197 2094 1412 2162 LXXlll.
1459 2095 1644 2147 LXX-V.

161 2178 397 2227 LXXVII.
434 2179 671 2226 LXXXV.
707 2178 787 2226 Vl.
835 2177 950 2227 CIV.
986 2177 1091 2224 VII.
1126 2174 1259 2223 VIII.
1295 2174 1410 2228 XL„
1453 2190 1645 2240 quorum

161 2277 321 2324 magna
355 2276 460 2324 pars
496 2257 554 2305 ob
591 2269 841 2324 temporum
876 2256 1091 2306 rationem
1134 2254 1191 2304 ab
1226 2252 1504 2321 Leoprepida
1539 2270 1647 2307 con-

159 2340 320 2407 scripta
355 2357 448 2387 esse
492 2357 582 2386 non
627 2350 781 2404 potest.
853 2336 953 2386 Alia
997 2336 1081 2403 ipsi
1124 2353 1206 2402 per
1239 2352 1433 2383 errorem
1460 2333 1645 2387 tributa.

160 2420 247 2468 sed
284 2419 341 2469 de
375 2416 538 2487 quibus
573 2416 625 2466 lis
663 2436 756 2467 esse
792 2417 943 2487 possit,
977 2416 1092 2466 inter
1117 2415 1291 2465 Incerta
1322 2413 1633 2482 reposuimus-v
