1826 3080
848 115 946 164 229

299 251 494 309 xxvu,
542 249 569 299 Ι.
612 253 688 298 23.
774 248 1044 299 Welckerus
1085 247 1191 297 Sim.
1236 247 1416 313 Amorg.
1459 268 1502 317 p.
1547 251 1626 301 87.

162 332 422 383 venientum
469 329 590 380 iilum
636 328 746 379 nulli
789 341 979 379 veterum
1023 339 1252 395 poetarum
1286 329 1454 394 majore
1487 331 1630 396 specie

135 408 251 462 'veri
297 411 431 461 tribui
473 426 603 478 posse
623 399 628 403 ”
647 421 811 467 censet,
852 427 986 476 quam
1032 406 1251 457 Simonidi
1286 408 1629 476 Iambographo.

164 490 303 557 Quod
334 501 479 540 autem
501 488 817 556 Aristophanes
850 487 909 537 ad
941 487 1218 538 irridendum
1253 487 1439 558 lyricum
1469 500 1631 542 utatur,

163 570 217 621 id.
244 570 311 621 vel
344 569 459 620 forte
498 569 660 618 factum
705 586 798 619 esse
837 567 902 617 vel
945 578 1125 635 propter
1164 580 1318 635 poetae
1352 587 1538 628 nomen,
1583 581 1630 618 ut

164 650 490 718 comparatione
539 649 693 698 vetusti
746 647 989 697 Simonidis
1043 648 1262 697 recentior
1306 648 1450 715 magis
1501 647 1629 697 etiam

165 740 447 798 premeretur,
478 746 612 795 quam
646 726 879 776 verborum
913 731 1028 774 θεοῦ
1051 729 1266 782 θέλοντος
1296 728 1630 794 permutatione.

260 848 262 850 .
296 807 411 858 Ibid.
444 806 472 856 l.
509 807 584 856 18.
655 807 818 856 Confer
850 826 948 856 cum
983 825 1197 875 responso
1224 806 1467 856 Simonidis
1495 807 1630 875 Soph.

163 886 311 953 Antig
353 886 487 944 317„
528 885 606 935 ubi
651 898 798 936 custos
838 886 897 935 ad
942 887 1201 936 Creontem:
1250 887 1303 932 ἐν
1334 894 1476 934 τοῖσιν
1509 885 1633 943 ω’σίν,

162 964 192 1027 ἢ
225 965 290 1015 '22
319 969 375 1028 τῇ
406 968 527 1026 ψυχῇ
564 965 742 1023 δάκνεις

294 1046 436 1103 ΧΧΧ,
455 1043 483 1093 1.
510 1044 584 1092 11.
618 1043 892 1103 Pindarus,
912 1046 1012 1111 qui.
1048 1045 1189 1109 Lege:
1220 1043 1507 1093 Pindarum
1532 1048 1631 1111 qui.

293 1122 502 1181 XXXVI,
534 1122 563 1171 l.
598 1126 675 1172 20.
741 1123 901 1188 digna
936 1124 1045 1172 illa.
1096 1125 1237 1188 Lege:
1273 1123 1446 1187 dignis
1480 1124 1599 1175 illis,

293 1203 406 1261 Lu,
438 1202 465 1252 1.
503 1203 576 1252 17.
646 1204 749 1251 Non
790 1215 903 1252 recte
946 1202 1105 1252 modos
1154 1203 1346 1252 Creticos
1392 1204 1634 1254 harmoniis

162 1282 436 1333 inseruimus.

297 1362 413 1411 lbid.
459 1362 537 1412 28.
604 1362 855 1412 Simonides
900 1362 1096 1412 Musicus
1142 1381 1280 1429 quum
1324 1362 1522 1412 sublatus
1565 1363 1636 1421 sit,

163 1441 402 1491 erraverint
434 1459 608 1490 necesse
643 1453 715 1493 est.
740 1441 884 1490 Schol.
908 1442 1132 1508 Aristoph.
1168 1455 1208 1491 et
1243 1442 1420 1500 suidas,
1453 1443 1530 1508 qui
1564 1442 1634 1491 si-

163 1520 388 1570 monidem
423 1519 556 1589 lyrae·
576 1518 657 1567 τόν
684 1525 835 1581 τρίτον
865 1520 1072 1580 φθόγγον
1106 1522 1330 1571 addidisse
1364 1521 1635 1588 perhibeant.

296 1599 412 1647 lbid.
438 1602 517 1648 29.
555 1600 624 1647 Fr.
649 1600 775 1667 Epin.
796 1600 919 1648 XIX.
967 1601 1032 1649 Re
1061 1600 1302 1649 identidem
1325 1602 1539 1667 pensitata
1567 1601 1634 1649 in-

164 1678 417 1736 telleximus‚
454 1680 636 1728 sortasse
672 1679 795 1728 aliter
826 1680 881 1729 de
916 1680 1012 1729 loco
1036 1681 1346 1747 Aristophanis
1379 1692 1420 1729 et
1442 1680 1633 1728 Simoni-

162 1758 231 1806 dis
265 1758 458 1807 carmine
493 1777 585 1807 esse
618 1759 910 1807 statuendum.
961 1760 1139 1826 Frigere
1171 1761 1286 1809 enim
1314 1760 1487 1809 videtur
1514 1764 1635 1825 jocus

163 1836 256 1895 ille,
313 1856 442 1903 quem
490 1837 812 1903 affingebanius
859 1850 1012 1904 poetae
1058 1840 1167 1895 Ceo,
1216 1852 1434 1905 spectatus
1477 1839 1522 1887 in
1571 1858 1635 1896 ee,

162 1914 282 1983 quod
318 1915 469 1964 Crium
514 1935 602 1963 non
647 1915 760 1964 male
802 1915 885 1965 sibi
922 1918 1090 1984 pexisse
1126 1919 1423 1966 adversarium
1461 1917 1636 1975 diceret,

162 2014 297 2061 quum
334 1994 420 2044 dici
450 1995 600 2043 crium
635 2014 795 2062 pexum
831 2009 1121 2064 exspectares:
1157 1998 1215 2046 ob
1251 2017 1383 2064 quam
1409 2016 1500 2046 rem
1534 1997 1633 2046 Ari-

161 2073 388 2141 stophanis
438 2093 666 2124 censuram
714 2095 805 2124 non
853 2076 1068 2141 effugerit.
1150 2078 1294 2125 Immo
1338 2077 1430 2143 ipse
1464 2077 1634 2125 Aristo-

164 2153 328 2220 phanes
362 2154 555 2221 optimus
588 2153 760 2203 videtur
793 2155 1036 2205 Simonidei
1074 2156 1191 2205 lusus
1227 2157 1461 2222 interpres,
1497 2176 1632 2223 quum

165 2232 451 2301 Phidippides
493 2234 670 2299 jubetur
711 2253 865 2284 canere
906 2234 985 2282 τόν
1030 2234 1172 2295 Κριόν
1215 2234 1276 2291 ὥς
1315 2237 1493 2295 ἐπέχθη.
1564 2236 1631 2284 Si-

162 2312 362 2362 monides
397 2312 570 2361 dicebat
605 2314 649 2362 in
687 2315 878 2363 carmine
914 2314 1100 2382 epinicio
1140 2314 1417 2370 Atheniensi,
1464 2314 1635 2381 opinor,

160 2392 344 2459 scripto,
381 2393 455 2459 qui
490 2392 748 2458 Aeginetam
785 2393 1035 2459 dejecisset:
1088 2395 1199 2443 Non
1235 2394 1367 2442 male
1403 2395 1549 2442 Crius
1582 2411 1632 2442 se

162 2470 480 2519 rnulcandum
517 2470 658 2519 dedit
692 2472 805 2531 rell„
840 2474 960 2539 quod
997 2492 1077 2521 nos
1113 2474 1322 2523 dicimus:
1367 2475 1519 2521 Krios
1545 2471 1635 2521 ha!

161 2548 265 2598 sich
300 2548 435 2597 nicht
466 2549 680 2599 schlecht
714 2550 973 2600 kaemmen
1009 2551 1185 2601 lassen.
1244 2554 1337 2601 Iam
1365 2552 1632 2602 deciaratum

160 2627 397 2685 habemus,
433 2648 513 2677 cui·
548 2629 822 2698 Strepsiades
858 2633 1046 2697 exegerit
1080 2631 1188 2681 illud
1226 2633 1501 2699 potissimum
1538 2650 1630 2682 car-

162 2725 280 2758 men:
317 2709 616 2759 delectabatur
649 2712 764 2760 enim
801 2711 1071 2761 honorabitis
1107 2713 1210 2760 civis
1247 2711 1490 2761 calamitate
1517 2715 1631 2759 exosi
