1826 3080
900 130 970 167 m

200 254 411 320 majorem
456 255 502 304 in
544 254 727 303 modum
772 252 1042 301 dicebantur.
1116 252 1174 301 Et
1215 251 1314 301 illos
1356 252 1537 318 quidem
1556 270 1672 303 »cm

199 335 384 392 invenit,
419 334 551 383 fuisse
586 346 732 382 tamen
767 344 915 397 gratos
950 351 1055 396 erg-a
1088 350 1134 380 se
1169 331 1275 380 deos
1312 332 1426 380 exitu
1449 333 1671 400 comperit.

199 415 314 463 Nam
353 414 422 462 vix
457 433 507 462 eo
542 413 675 461 limen
721 431 894 477 egresso
940 410 1176 460 triclinium
1211 410 1325 460 illud
1355 412 1674 478 suprawounvi·

198 512 273 542 vas
309 493 471 541 corruit
508 505 636 558 atque
670 493 730 540 ita
765 491 978 548 confudit,
1013 503 1061 540 ut
1094 510 1186 539 non
1218 509 1297 539 ora
1330 491 1466 540 modo
1493 508 1675 558 ορμο-

198 591 372 630 sorum,
416 572 493 621 sed
538 571 738 620 membra
782 571 912 620 etiam
947 589 1099 619 omnes
1133 570 1401 636 requirentes
1437 571 1496 620 ad
1527 570 1675 638 sepul—

200 665 343 701 turam
394 652 633 718 propinqui
687 649 808 699 nulla
854 662 957 699 nota
1000 662 1177 718 possent
1223 651 1480 700 discernere.
1557 650 1674 699 Tum

199 731 447 780 Simonides
479 727 644 779 'dicitur
676 749 846 779 memor
879 729 1033 778 ordine
1067 749 1155 796 quo
1185 730 1369 796 quisque
1394 717 1677 778 discubuerat

198 829 383 877 corpora
419 810 509 859 suis
544 809 801 858 reddidisse.
878 810 958 858 Est
991 822 1135 858 autem
1180 829 1343 874 magna
1375 809 1491 858 inter
1522 819 1673 857 aucto-
1744 860 1748 863 ,

197 909 264 939 res
299 890 533 947 dissensio,
578 888 804 937 Glaucone
841 889 1062 957 Carystio,
1106 908 1163 936 an
1196 888 1417 946 Leocrati,
1460 907 1518 936 an
1551 888 1673 952 Aga-

196 970 401 1027 tharcho,
437 989 494 1017 an
529 969 698 1035 Scopae
732 969 944 1035 scriptum
980 969 1036 1017 sit
1069 968 1116 1016 id
1151 986 1349 1024 carmem
1397 979 1438 1016 et
1472 965 1672 1016 Pharsali

197 1049 329 1097 fuerit
367 1049 474 1097 haec
509 1048 693 1107 domus,
741 1061 790 1097 ut
831 1049 923 1115 ipse
959 1048 1152 1114 quodam
1188 1047 1285 1096 loco
1320 1045 1567 1112 significare
1601 1045 1672 1094 Si—

196 1127 397 1176 monides
437 1128 609 1176 videtur
657 1140 786 1194 atque
836 1127 1135 1194 Apollodorus
1186 1138 1226 1174 et
1277 1125 1588 1175 Eratosthenes
1615 1136 1674 1173 et

196 1207 453 1274 Euphorion
490 1220 531 1255 et
564 1209 817 1256 Larissaeus
852 1206 1107 1276 Eurypylus
1141 1205 1439 1263 tradiderunt,
1471 1222 1529 1252 an
1564 1204 1672 1252 Cra·-

194 1305 323 1343 none,
359 1297 407 1334 ut
439 1286 622 1352 Apollas
658 1286 1038 1352 Callimachusque
1073 1286 1153 1350 (ita
1186 1284 1406 1349 vulgatam
1441 1282 1673 1350 Apollas

195 1364 568 1413 Callimachus
613 1365 926 1428 correximus),
969 1383 1101 1430 quem
1143 1376 1319 1412 secutus
1363 1363 1515 1412 Cicero
1557 1362 1673 1411 hanc

195 1444 358 1492 samam
395 1443 523 1492 latius
558 1443 685 1492 fudit.
741 1444 933 1510 Scopam
967 1442 1160 1491 nobilem
1196 1441 1459 1491 Thessalum
1491 1441 1674 1508 periisse

193 1524 238 1571 in
275 1542 326 1571 eo
361 1524 557 1571 convivio
593 1535 782 1580 constat,
827 1522 1033 1586 adjicitur
1062 1520 1226 1569 sororis
1259 1519 1398 1578 filius;
1440 1511 1598 1587 putant
1631 1531 1673 1568 et

193 1614 313 1651 ortos
346 1602 578 1668 plerosque
623 1602 680 1650 ab
716 1601 802 1649 alio
837 1601 1004 1666 Scopa,
1049 1599 1125 1665 qui
1169 1599 1314 1664 major
1356 1611 1494 1648 aetate
1528 1598 1671 1647 suerit.

195 1681 463 1746 Quanquam
507 1681 615 1729 mihi
658 1693 798 1729 totum
846 1679 900 1728 de
942 1678 1215 1748 Tyndaridis
1255 1678 1508 1727 fabulosum
1550 1677 1672 1726 vide-

194 1773 285 1809 tur:
320 1780 462 1826 neque
497 1760 679 1808 omnino
715 1759 844 1824 hujus
879 1759 942 1807 rei
975 1757 1174 1806 meminit
1208 1776 1395 1823 usquam
1425 1769 1554 1824 poeta
1577 1758 1672 1824 ipse

192 1841 388 1907 profecto
424 1859 514 1888 non
549 1841 758 1888 taciturus
793 1839 847 1887 de
883 1851 1001 1887 tanta
1036 1857 1117 1886 sua
1151 1837 1337 1902 gloria«

327 1920 534 1986 Superest
582 1919 713 1967 hodie
750 1918 1059 1967 Calliniachius
1104 1917 1176 1966 ille
1210 1916 1352 1976 locus,
1402 1936 1492 1984 quo
1524 1917 1671 1984 ipsum

192 2000 442 2065 loquentem
488 1999 657 2048 inducit
699 2018 877 2047 suavem
919 2010 1113 2065 poetam;
1155 2016 1286 2063 quem
1330 1996 1454 2063 apud
1485 1996 1670 2045 Suidam

193 2099 225 2128 s.
261 2099 297 2126 v.
332 2084 586 2138 Σιμωνίδης
619 2079 774 2127 misere
809 2079 1016 2127 affectum
1043 2077 1292 2143 persanavit
1316 2076 1543 2143 Bentlejus
1576 2077 1670 2141 (Fr.

193 2159 369 2221 LXXI)
403 2158 449 2205 in
485 2158 604 2206 hunc
638 2157 843 2207 modum:

264 2271 370 2319 Ουό’
404 2269 563 2329 υμέας,
598 2270 901 2327 Πολύδευκες,
937 2267 1201 2329 υπέτρεσεν,
1237 2272 1289 2315 οἴ
1313 2288 1364 2328 με
1398 2267 1630 2355 μελάθρῳ

362 2353 598 2409 μέλλοντος
634 2355 805 2397 πίπτειν
839 2347 964 2404 ἐκτός
996 2350 1157 2396 ἔθεσθε
1192 2366 1297 2396 ποτε

261 2428 540 2489 δαιτυμόνων
575 2428 662 2476 ἄπο
698 2434 894 2488 μοῦνον,
932 2447 1003 2476 οτε
1037 2428 1322 2488 Κρανῶνιος,
1358 2430 1406 2473 αἳ
1434 2430 1494 2484 αἴ,

362 2506 551 2555 ὤλισθεν
584 2509 800 2569 μεγάλους
835 2509 957 2564 οἶκος
990 2509 1062 2554 ἐπὶ
1096 2506 1349 2561 Σκοπιάδας.

195 2635 347 2699 Neque
379 2653 481 2683 vero
517 2634 602 2682 alio
637 2645 803 2700 spectat
835 2631 1051 2683 Aristides
1087 2632 1211 2681 Orat.
1246 2631 1366 2680 Sacr.
1384 2630 1461 2687 IV,
1494 2646 1538 2695 p.
1558 2627 1668 2678 584.

197 2714 369 2762 Canter.
430 2716 515 2761 Καὶ
551 2711 575 2760 ὁ
612 2712 773 2772 μισθὸς
805 2717 886 2761 τοῦ
919 2710 1127 2775 ᾅσματος,
1163 2708 1311 2769 ὥσπερ
1343 2710 1670 2773 τῷΣιμωνίδῃ
