<?xml version="1.0" encoding="UTF-8"?>
<!DOCTYPE html PUBLIC "-//W3C//DTD XHTML 1.0 Transitional//EN"
    "http://www.w3.org/TR/xhtml1/DTD/xhtml1-transitional.dtd">
<html xmlns="http://www.w3.org/1999/xhtml" xml:lang="en" lang="en">
 <head>
  <title>
</title>
<meta http-equiv="Content-Type" content="text/html;charset=utf-8" />
  <meta name='ocr-system' content='tesseract 3.04.00' />
  <meta name='ocr-capabilities' content='ocr_page ocr_carea ocr_par ocr_line ocrx_word'/>
</head>
<body>
  <div class='ocr_page' id='page_1' title='image "./simonidisceicarm00simouoft_0176.png"; bbox 0 0 1826 3080; ppageno 0'>
   <div class='ocr_carea' id='block_1_1' title="bbox 866 137 960 184">
    <p class='ocr_par' dir='ltr' id='par_1_1' title="bbox 866 137 960 184">
     <span class='ocr_line' id='line_1_1' title="bbox 866 137 960 184; baseline 0 0"><span class='ocrx_word' id='word_1_1' title='bbox 866 137 960 184; x_wconf 82' lang='lat'><em>112</em></span> 
     </span>
    </p>
   </div>
   <div class='ocr_carea' id='block_1_2' title="bbox 299 266 1435 331">
    <p class='ocr_par' dir='ltr' id='par_1_2' title="bbox 299 266 1435 331">
     <span class='ocr_line' id='line_1_2' title="bbox 299 266 1435 331; baseline 0.001 -13"><span class='ocrx_word' id='word_1_2' title='bbox 299 270 349 319; x_wconf 77' lang='lat'><em>‘0</em></span> <span class='ocrx_word' id='word_1_3' title='bbox 386 266 516 318; x_wconf 84' lang='grc' dir='ltr'><em>δαῦτε</em></span> <span class='ocrx_word' id='word_1_4' title='bbox 550 270 749 324; x_wconf 77' lang='grc' dir='ltr'><em>θάνατος</em></span> <span class='ocrx_word' id='word_1_5' title='bbox 786 271 900 327; x_wconf 83' lang='grc' dir='ltr'><em>ἕκιχε</em></span> <span class='ocrx_word' id='word_1_6' title='bbox 933 272 1007 316; x_wconf 78' lang='grc' dir='ltr'><em>καὶ</em></span> <span class='ocrx_word' id='word_1_7' title='bbox 1038 267 1121 317; x_wconf 82' lang='grc' dir='ltr'><em>τὸν</em></span> <span class='ocrx_word' id='word_1_8' title='bbox 1155 270 1435 331; x_wconf 83' lang='grc' dir='ltr'><em>φυγόμαχον.</em></span> 
     </span>
    </p>
   </div>
   <div class='ocr_carea' id='block_1_3' title="bbox 345 375 971 395">
    <p class='ocr_par' dir='ltr' id='par_1_3' title="bbox 345 375 971 395">
     <span class='ocr_line' id='line_1_3' title="bbox 345 375 971 395; baseline -0.006 0"><span class='ocrx_word' id='word_1_9' title='bbox 345 386 370 392; x_wconf 87' lang='lat'><em>-—</em></span> <span class='ocrx_word' id='word_1_10' title='bbox 416 377 519 395; x_wconf 77' lang='grc' dir='ltr'><em>ν-</em></span> <span class='ocrx_word' id='word_1_11' title='bbox 561 376 744 394; x_wconf 67' lang='grc' dir='ltr'><em>υ“-υ-</em></span> <span class='ocrx_word' id='word_1_12' title='bbox 785 375 971 392; x_wconf 71' lang='lat' dir='ltr'>——u—</span> 
     </span>
    </p>
   </div>
   <div class='ocr_carea' id='block_1_4' title="bbox 167 423 1661 814">
    <p class='ocr_par' dir='ltr' id='par_1_4' title="bbox 167 423 1661 814">
     <span class='ocr_line' id='line_1_4' title="bbox 167 423 1655 497; baseline 0.002 -20"><span class='ocrx_word' id='word_1_13' title='bbox 167 430 419 496; x_wconf 81' lang='lat' dir='ltr'><strong>Legebatur</strong></span> <span class='ocrx_word' id='word_1_14' title='bbox 464 429 487 476; x_wconf 90' lang='grc' dir='ltr'>ὁ</span> <span class='ocrx_word' id='word_1_15' title='bbox 525 428 561 476; x_wconf 84' lang='grc' dir='ltr'><em>δ’</em></span> <span class='ocrx_word' id='word_1_16' title='bbox 596 423 677 483; x_wconf 85' lang='grc' dir='ltr'><em>αὖ,</em></span> <span class='ocrx_word' id='word_1_17' title='bbox 713 427 781 476; x_wconf 83' lang='lat' dir='ltr'><em>vel</em></span> <span class='ocrx_word' id='word_1_18' title='bbox 824 428 950 477; x_wconf 84' lang='lat' dir='ltr'><strong>metri</strong></span> <span class='ocrx_word' id='word_1_19' title='bbox 986 428 1167 478; x_wconf 85' lang='lat' dir='ltr'><strong>nomine</strong></span> <span class='ocrx_word' id='word_1_20' title='bbox 1202 441 1467 497; x_wconf 80' lang='lat' dir='ltr'><em>suspectum.</em></span> <span class='ocrx_word' id='word_1_21' title='bbox 1507 446 1509 450; x_wconf 88' lang='lat'>&#39;</span> <span class='ocrx_word' id='word_1_22' title='bbox 1538 431 1655 481; x_wconf 88' lang='lat' dir='ltr'><em>Tum</em></span> 
     </span>
     <span class='ocr_line' id='line_1_5' title="bbox 169 507 1658 575; baseline 0.001 -17"><span class='ocrx_word' id='word_1_23' title='bbox 169 509 301 575; x_wconf 83' lang='lat' dir='ltr'>vulgo</span> <span class='ocrx_word' id='word_1_24' title='bbox 336 511 460 569; x_wconf 81' lang='grc' dir='ltr'><em>ἕφικε</em></span> <span class='ocrx_word' id='word_1_25' title='bbox 494 512 591 556; x_wconf 84' lang='grc' dir='ltr'><em>καὶ;</em></span> <span class='ocrx_word' id='word_1_26' title='bbox 627 507 757 556; x_wconf 88' lang='lat' dir='ltr'><strong>codd.</strong></span> <span class='ocrx_word' id='word_1_27' title='bbox 793 507 887 557; x_wconf 91' lang='lat' dir='ltr'><em>AB</em></span> <span class='ocrx_word' id='word_1_28' title='bbox 925 509 1038 568; x_wconf 80' lang='grc' dir='ltr'><em>ἔκιχε</em></span> <span class='ocrx_word' id='word_1_29' title='bbox 1066 528 1133 566; x_wconf 87' lang='grc' dir='ltr'><em>τε,</em></span> <span class='ocrx_word' id='word_1_30' title='bbox 1170 510 1373 560; x_wconf 88' lang='lat' dir='ltr'><strong>Trincav.</strong></span> <span class='ocrx_word' id='word_1_31' title='bbox 1409 511 1549 571; x_wconf 78' lang='grc' dir='ltr'><em>ἔφυκε</em></span> <span class='ocrx_word' id='word_1_32' title='bbox 1569 517 1658 568; x_wconf 66' lang='grc' dir='ltr'><em>καί,</em></span> 
     </span>
     <span class='ocr_line' id='line_1_6' title="bbox 169 588 1660 656; baseline 0.002 -18"><span class='ocrx_word' id='word_1_33' title='bbox 169 589 318 656; x_wconf 85' lang='lat' dir='ltr'><em>Steph.</em></span> <span class='ocrx_word' id='word_1_34' title='bbox 366 590 501 648; x_wconf 80' lang='grc' dir='ltr'><em>ἐφῑκε.</em></span> <span class='ocrx_word' id='word_1_35' title='bbox 554 588 783 654; x_wconf 79' lang='lat' dir='ltr'><strong>Bentlejus</strong></span> <span class='ocrx_word' id='word_1_36' title='bbox 828 589 936 637; x_wconf 85' lang='lat' dir='ltr'>Hor.</span> <span class='ocrx_word' id='word_1_37' title='bbox 983 589 1176 637; x_wconf 85' lang='lat' dir='ltr'><strong>Carmm.</strong></span> <span class='ocrx_word' id='word_1_38' title='bbox 1226 589 1327 649; x_wconf 86' lang='lat' dir='ltr'>III,</span> <span class='ocrx_word' id='word_1_39' title='bbox 1367 592 1423 648; x_wconf 82' lang='lat'><em>2,</em></span> <span class='ocrx_word' id='word_1_40' title='bbox 1468 590 1543 640; x_wconf 75' lang='grc'><em>14.</em></span> <span class='ocrx_word' id='word_1_41' title='bbox 1599 591 1660 641; x_wconf 79' lang='lat' dir='ltr'><em>ad</em></span> 
     </span>
     <span class='ocr_line' id='line_1_7' title="bbox 169 669 1661 734; baseline 0.003 -17"><span class='ocrx_word' id='word_1_42' title='bbox 169 669 267 718; x_wconf 82' lang='lat' dir='ltr'>illa:</span> <span class='ocrx_word' id='word_1_43' title='bbox 315 670 450 716; x_wconf 80' lang='lat' dir='ltr'><em>Mors</em></span> <span class='ocrx_word' id='word_1_44' title='bbox 487 678 533 716; x_wconf 84' lang='lat' dir='ltr'><em>et</em></span> <span class='ocrx_word' id='word_1_45' title='bbox 550 669 800 734; x_wconf 77' lang='lat' dir='ltr'><em>fugacem</em></span> <span class='ocrx_word' id='word_1_46' title='bbox 836 669 1152 734; x_wconf 81' lang='lat' dir='ltr'><em>consequitur·</em></span> <span class='ocrx_word' id='word_1_47' title='bbox 1187 670 1347 717; x_wconf 73' lang='lat' dir='ltr'><em>virum</em></span> <span class='ocrx_word' id='word_1_48' title='bbox 1385 669 1496 720; x_wconf 85' lang='lat' dir='ltr'><strong>haec</strong></span> <span class='ocrx_word' id='word_1_49' title='bbox 1530 669 1661 720; x_wconf 84' lang='lat' dir='ltr'>adhi-</span> 
     </span>
     <span class='ocr_line' id='line_1_8' title="bbox 170 742 1661 814; baseline 0.001 -17"><span class='ocrx_word' id='word_1_50' title='bbox 170 750 278 797; x_wconf 88' lang='lat' dir='ltr'><strong>bens</strong></span> <span class='ocrx_word' id='word_1_51' title='bbox 313 749 440 814; x_wconf 85' lang='lat' dir='ltr'><strong>legit:</strong></span> <span class='ocrx_word' id='word_1_52' title='bbox 488 747 539 797; x_wconf 83' lang='grc' dir='ltr'><strong><em>Ὁ</em></strong></span> <span class='ocrx_word' id='word_1_53' title='bbox 572 747 609 794; x_wconf 89' lang='grc' dir='ltr'><em>δ’</em></span> <span class='ocrx_word' id='word_1_54' title='bbox 646 742 705 795; x_wconf 84' lang='grc' dir='ltr'><em>αὗ</em></span> <span class='ocrx_word' id='word_1_55' title='bbox 740 747 939 802; x_wconf 77' lang='grc' dir='ltr'><em>θάνατος</em></span> <span class='ocrx_word' id='word_1_56' title='bbox 972 751 1087 808; x_wconf 78' lang='grc' dir='ltr'><em>ἔκιχέ</em></span> <span class='ocrx_word' id='word_1_57' title='bbox 1121 747 1202 796; x_wconf 74' lang='grc' dir='ltr'><em>τόν</em></span> <span class='ocrx_word' id='word_1_58' title='bbox 1238 749 1515 810; x_wconf 80' lang='grc' dir='ltr'><em>φυγόμαχον.</em></span> <span class='ocrx_word' id='word_1_59' title='bbox 1584 749 1661 799; x_wconf 80' lang='lat' dir='ltr'><em>Ad</em></span> 
     </span>
    </p>
   </div>
   <div class='ocr_carea' id='block_1_5' title="bbox 171 827 1747 897">
    <p class='ocr_par' dir='ltr' id='par_1_5' title="bbox 171 827 1747 897">
     <span class='ocr_line' id='line_1_9' title="bbox 171 827 1747 897; baseline 0.003 -22"><span class='ocrx_word' id='word_1_60' title='bbox 171 828 471 876; x_wconf 80' lang='lat' dir='ltr'><strong>auctoritatem</strong></span> <span class='ocrx_word' id='word_1_61' title='bbox 508 827 712 876; x_wconf 85' lang='lat' dir='ltr'><strong>codicum</strong></span> <span class='ocrx_word' id='word_1_62' title='bbox 749 828 950 893; x_wconf 78' lang='lat' dir='ltr'>proxime</span> <span class='ocrx_word' id='word_1_63' title='bbox 985 827 1210 877; x_wconf 86' lang='lat' dir='ltr'><strong>accederet</strong></span> <span class='ocrx_word' id='word_1_64' title='bbox 1255 832 1371 889; x_wconf 79' lang='grc' dir='ltr'><em>ἔκιχε</em></span> <span class='ocrx_word' id='word_1_65' title='bbox 1402 847 1474 876; x_wconf 91' lang='grc' dir='ltr'><em>τοι</em></span> <span class='ocrx_word' id='word_1_66' title='bbox 1515 848 1659 897; x_wconf 87' lang='lat' dir='ltr'><strong>neque</strong></span> <span class='ocrx_word' id='word_1_67' title='bbox 1739 873 1747 879; x_wconf 74' lang='grc'><em>,</em></span> 
     </span>
    </p>
   </div>
   <div class='ocr_carea' id='block_1_6' title="bbox 171 907 1662 1056">
    <p class='ocr_par' dir='ltr' id='par_1_6' title="bbox 171 907 1662 1056">
     <span class='ocr_line' id='line_1_10' title="bbox 171 907 1660 959; baseline 0.003 -4"><span class='ocrx_word' id='word_1_68' title='bbox 171 907 215 955; x_wconf 82' lang='lat' dir='ltr'><em>id</em></span> <span class='ocrx_word' id='word_1_69' title='bbox 261 907 317 955; x_wconf 83' lang='lat' dir='ltr'><em>ab</em></span> <span class='ocrx_word' id='word_1_70' title='bbox 362 927 565 956; x_wconf 86' lang='lat' dir='ltr'><strong>sermone</strong></span> <span class='ocrx_word' id='word_1_71' title='bbox 615 908 819 956; x_wconf 88' lang='lat' dir='ltr'><strong>alienum.</strong></span> <span class='ocrx_word' id='word_1_72' title='bbox 914 908 999 956; x_wconf 90' lang='lat' dir='ltr'><em>Ad·</em></span> <span class='ocrx_word' id='word_1_73' title='bbox 1040 909 1280 958; x_wconf 82' lang='lat' dir='ltr'><strong>sententiae</strong></span> <span class='ocrx_word' id='word_1_74' title='bbox 1326 908 1660 959; x_wconf 80' lang='lat' dir='ltr'><strong>similitudinem</strong></span> 
     </span>
     <span class='ocr_line' id='line_1_11' title="bbox 171 986 1662 1056; baseline 0.003 -22"><span class='ocrx_word' id='word_1_75' title='bbox 171 986 323 1034; x_wconf 78' lang='lat' dir='ltr'><strong>confer</strong></span> <span class='ocrx_word' id='word_1_76' title='bbox 369 986 488 1034; x_wconf 89' lang='lat' dir='ltr'>Curt.</span> <span class='ocrx_word' id='word_1_77' title='bbox 534 987 637 1035; x_wconf 88' lang='lat' dir='ltr'>Ruf.</span> <span class='ocrx_word' id='word_1_78' title='bbox 684 987 775 1046; x_wconf 87' lang='lat' dir='ltr'><em>IV,</em></span> <span class='ocrx_word' id='word_1_79' title='bbox 826 988 901 1036; x_wconf 83' lang='grc'><em>14.</em></span> <span class='ocrx_word' id='word_1_80' title='bbox 966 988 1176 1054; x_wconf 77' lang='lat' dir='ltr'>»Effugit</span> <span class='ocrx_word' id='word_1_81' title='bbox 1209 1000 1418 1047; x_wconf 83' lang='lat' dir='ltr'><strong>mortem,</strong></span> <span class='ocrx_word' id='word_1_82' title='bbox 1461 989 1662 1056; x_wconf 72' lang='lat' dir='ltr'>quisquis</span> 
     </span>
    </p>
   </div>
   <div class='ocr_carea' id='block_1_7' title="bbox 172 1067 1492 1135">
    <p class='ocr_par' dir='ltr' id='par_1_7' title="bbox 172 1067 1492 1135">
     <span class='ocr_line' id='line_1_12' title="bbox 172 1067 1492 1135; baseline 0.002 -21"><span class='ocrx_word' id='word_1_83' title='bbox 172 1067 502 1132; x_wconf 57' lang='lat' dir='ltr'><em>contempserim</em></span> <span class='ocrx_word' id='word_1_84' title='bbox 538 1067 868 1116; x_wconf 76' lang='lat' dir='ltr'><strong>timidissimum</strong></span> <span class='ocrx_word' id='word_1_85' title='bbox 905 1087 1126 1135; x_wconf 89' lang='lat' dir='ltr'><strong>quemque</strong></span> <span class='ocrx_word' id='word_1_86' title='bbox 1161 1069 1455 1135; x_wconf 84' lang='lat' dir='ltr'><strong>consequitur.</strong></span> <span class='ocrx_word' id='word_1_87' title='bbox 1471 1090 1492 1110; x_wconf 77' lang='grc' dir='ltr'><em>α</em></span> 
     </span>
    </p>
   </div>
   <div class='ocr_carea' id='block_1_8' title="bbox 859 1215 968 1252">
    <p class='ocr_par' dir='ltr' id='par_1_8' title="bbox 859 1215 968 1252">
     <span class='ocr_line' id='line_1_13' title="bbox 859 1215 968 1252; baseline 0.009 -1"><span class='ocrx_word' id='word_1_88' title='bbox 859 1215 968 1252; x_wconf 89' lang='lat' dir='ltr'>CVII.</span> 
     </span>
    </p>
   </div>
   <div class='ocr_carea' id='block_1_9' title="bbox 156 1303 1666 2800">
    <p class='ocr_par' dir='ltr' id='par_1_9' title="bbox 156 1303 1666 1844">
     <span class='ocr_line' id='line_1_14' title="bbox 307 1303 1662 1373; baseline 0.002 -22"><span class='ocrx_word' id='word_1_89' title='bbox 307 1303 490 1351; x_wconf 87' lang='lat' dir='ltr'>Aristid.</span> <span class='ocrx_word' id='word_1_90' title='bbox 538 1306 639 1365; x_wconf 79' lang='grc' dir='ltr'><em>περὶ</em></span> <span class='ocrx_word' id='word_1_91' title='bbox 681 1307 772 1351; x_wconf 85' lang='grc' dir='ltr'><em>τῶν</em></span> <span class='ocrx_word' id='word_1_92' title='bbox 814 1305 1034 1366; x_wconf 77' lang='grc' dir='ltr'><em>τεττάρων</em></span> <span class='ocrx_word' id='word_1_93' title='bbox 1067 1306 1155 1365; x_wconf 85' lang='grc' dir='ltr'><em>ΙΙΙ,</em></span> <span class='ocrx_word' id='word_1_94' title='bbox 1196 1325 1239 1373; x_wconf 89' lang='lat' dir='ltr'><em>p.</em></span> <span class='ocrx_word' id='word_1_95' title='bbox 1276 1308 1399 1364; x_wconf 82' lang='lat'><strong>237,</strong></span> <span class='ocrx_word' id='word_1_96' title='bbox 1432 1307 1489 1355; x_wconf 89' lang='grc' dir='ltr'><em>Ι).</em></span> <span class='ocrx_word' id='word_1_97' title='bbox 1536 1307 1662 1356; x_wconf 78' lang='lat' dir='ltr'><strong>Cant.</strong></span> 
     </span>
     <span class='ocr_line' id='line_1_15' title="bbox 156 1381 1665 1447; baseline 0.003 -17"><span class='ocrx_word' id='word_1_98' title='bbox 156 1381 282 1443; x_wconf 67' lang='grc' dir='ltr'><em>’Ὅρα</em></span> <span class='ocrx_word' id='word_1_99' title='bbox 317 1381 376 1443; x_wconf 72' lang='grc' dir='ltr'><em>μή</em></span> <span class='ocrx_word' id='word_1_100' title='bbox 410 1385 570 1431; x_wconf 83' lang='grc' dir='ltr'><em>λέοντα</em></span> <span class='ocrx_word' id='word_1_101' title='bbox 605 1387 755 1446; x_wconf 80' lang='grc' dir='ltr'><strong><em>ξυρεῖν</em></strong></span> <span class='ocrx_word' id='word_1_102' title='bbox 789 1387 1101 1447; x_wconf 82' lang='grc' dir='ltr'><em>ἐπιχειρῶμεν,</em></span> <span class='ocrx_word' id='word_1_103' title='bbox 1147 1384 1205 1432; x_wconf 78' lang='grc' dir='ltr'><em>οὐ</em></span> <span class='ocrx_word' id='word_1_104' title='bbox 1249 1383 1552 1447; x_wconf 79' lang='grc' dir='ltr'><strong><em>Θρασύμαχον</em></strong></span> <span class='ocrx_word' id='word_1_105' title='bbox 1592 1400 1665 1435; x_wconf 86' lang='grc' dir='ltr'><em>συ·</em></span> 
     </span>
     <span class='ocr_line' id='line_1_16' title="bbox 170 1463 1666 1529; baseline 0.002 -19"><span class='ocrx_word' id='word_1_106' title='bbox 170 1471 413 1523; x_wconf 87' lang='grc' dir='ltr'><em>κοφαντεῑν</em></span> <span class='ocrx_word' id='word_1_107' title='bbox 459 1467 806 1526; x_wconf 76' lang='grc' dir='ltr'><em>ἐπιχειροῦντες,</em></span> <span class='ocrx_word' id='word_1_108' title='bbox 866 1463 980 1513; x_wconf 72' lang='grc' dir='ltr'><em>ἄλλα</em></span> <span class='ocrx_word' id='word_1_109' title='bbox 1025 1470 1255 1529; x_wconf 78' lang='grc' dir='ltr'><em>κωμῳδεῖν</em></span> <span class='ocrx_word' id='word_1_110' title='bbox 1298 1468 1543 1526; x_wconf 76' lang='grc' dir='ltr'><em>Περικλέα,</em></span> <span class='ocrx_word' id='word_1_111' title='bbox 1591 1467 1666 1513; x_wconf 73' lang='grc' dir='ltr'><em>καὶ</em></span> 
     </span>
     <span class='ocr_line' id='line_1_17' title="bbox 170 1545 1665 1608; baseline 0.002 -17"><span class='ocrx_word' id='word_1_112' title='bbox 170 1547 309 1592; x_wconf 82' lang='grc' dir='ltr'><em>ταῦτα</em></span> <span class='ocrx_word' id='word_1_113' title='bbox 343 1548 405 1599; x_wconf 87' lang='grc' dir='ltr'><em>εἰς</em></span> <span class='ocrx_word' id='word_1_114' title='bbox 440 1548 630 1603; x_wconf 84' lang='grc' dir='ltr'><em>δειλίαν,</em></span> <span class='ocrx_word' id='word_1_115' title='bbox 676 1546 804 1593; x_wconf 79' lang='grc' dir='ltr'><em>ἔπειτ’</em></span> <span class='ocrx_word' id='word_1_116' title='bbox 850 1546 978 1593; x_wconf 76' lang='grc' dir='ltr'><em>αὐτοὶ</em></span> <span class='ocrx_word' id='word_1_117' title='bbox 1015 1545 1214 1605; x_wconf 78' lang='grc' dir='ltr'><em>δόξωμεν</em></span> <span class='ocrx_word' id='word_1_118' title='bbox 1250 1545 1551 1608; x_wconf 72' lang='grc' dir='ltr'><em>ἀνδρειότεροι</em></span> <span class='ocrx_word' id='word_1_119' title='bbox 1581 1549 1665 1594; x_wconf 78' lang='grc' dir='ltr'><em>τοῦ</em></span> 
     </span>
     <span class='ocr_line' id='line_1_18' title="bbox 172 1619 1664 1686; baseline 0.001 -15"><span class='ocrx_word' id='word_1_120' title='bbox 172 1627 355 1679; x_wconf 79' lang='grc' dir='ltr'><em>δέοντος</em></span> <span class='ocrx_word' id='word_1_121' title='bbox 397 1624 512 1671; x_wconf 87' lang='grc' dir='ltr'><em>εἶναι</em></span> <span class='ocrx_word' id='word_1_122' title='bbox 552 1633 647 1679; x_wconf 86' lang='grc' dir='ltr'><em>τοῖς</em></span> <span class='ocrx_word' id='word_1_123' title='bbox 686 1619 981 1684; x_wconf 75' lang='grc' dir='ltr'><em>βουλομένοις</em></span> <span class='ocrx_word' id='word_1_124' title='bbox 1023 1625 1381 1685; x_wconf 72' lang='grc' dir='ltr'><em>ἀντικατηγορεῖν</em></span> <span class='ocrx_word' id='word_1_125' title='bbox 1425 1628 1500 1672; x_wconf 74' lang='grc' dir='ltr'><em>καὶ</em></span> <span class='ocrx_word' id='word_1_126' title='bbox 1541 1629 1664 1686; x_wconf 76' lang='grc' dir='ltr'><em>φανῇ</em></span> 
     </span>
     <span class='ocr_line' id='line_1_19' title="bbox 171 1703 1663 1764; baseline 0.001 -14"><span class='ocrx_word' id='word_1_127' title='bbox 171 1723 212 1750; x_wconf 93' lang='grc' dir='ltr'><em>τι</em></span> <span class='ocrx_word' id='word_1_128' title='bbox 257 1706 330 1750; x_wconf 84' lang='grc' dir='ltr'><em>καὶ</em></span> <span class='ocrx_word' id='word_1_129' title='bbox 377 1707 561 1759; x_wconf 83' lang='grc' dir='ltr'><em>δειλίας,</em></span> <span class='ocrx_word' id='word_1_130' title='bbox 606 1707 645 1750; x_wconf 85' lang='grc' dir='ltr'><em>εί</em></span> <span class='ocrx_word' id='word_1_131' title='bbox 678 1705 726 1750; x_wconf 78' lang='grc' dir='ltr'><em>δὲ</em></span> <span class='ocrx_word' id='word_1_132' title='bbox 759 1703 939 1764; x_wconf 82' lang='grc' dir='ltr'><em>βούλει,</em></span> <span class='ocrx_word' id='word_1_133' title='bbox 989 1709 1203 1763; x_wconf 80' lang='grc' dir='ltr'><em>σιωπῆς</em></span> <span class='ocrx_word' id='word_1_134' title='bbox 1236 1704 1548 1752; x_wconf 74' lang='grc' dir='ltr'><em>ἀκίνδυνον</em></span> <span class='ocrx_word' id='word_1_135' title='bbox 1579 1706 1663 1764; x_wconf 81' lang='grc' dir='ltr'><em>γέ-</em></span> 
     </span>
     <span class='ocr_line' id='line_1_20' title="bbox 175 1780 1301 1844; baseline 0.001 -15"><span class='ocrx_word' id='word_1_136' title='bbox 175 1803 294 1844; x_wconf 85' lang='grc' dir='ltr'><em>ρας,</em></span> <span class='ocrx_word' id='word_1_137' title='bbox 331 1780 396 1837; x_wconf 74' lang='grc' dir='ltr'><em>ὥς</em></span> <span class='ocrx_word' id='word_1_138' title='bbox 432 1802 515 1838; x_wconf 90' lang='grc' dir='ltr'><em>τις</em></span> <span class='ocrx_word' id='word_1_139' title='bbox 547 1786 657 1830; x_wconf 80' lang='grc' dir='ltr'><em>τῶν</em></span> <span class='ocrx_word' id='word_1_140' title='bbox 692 1788 872 1831; x_wconf 85' lang='grc' dir='ltr'><em>Κείων</em></span> <span class='ocrx_word' id='word_1_141' title='bbox 908 1786 1015 1843; x_wconf 80' lang='grc' dir='ltr'><em>ἔφη</em></span> <span class='ocrx_word' id='word_1_142' title='bbox 1050 1782 1301 1843; x_wconf 80' lang='grc' dir='ltr'><em>ποιητής.</em></span> 
     </span>
    </p>

    <p class='ocr_par' dir='ltr' id='par_1_10' title="bbox 172 1860 1665 2251">
     <span class='ocr_line' id='line_1_21' title="bbox 310 1860 1665 1928; baseline 0 -18"><span class='ocrx_word' id='word_1_143' title='bbox 310 1862 488 1910; x_wconf 87' lang='lat' dir='ltr'>Scholia</span> <span class='ocrx_word' id='word_1_144' title='bbox 530 1881 573 1928; x_wconf 91' lang='lat' dir='ltr'><em>p.</em></span> <span class='ocrx_word' id='word_1_145' title='bbox 626 1864 733 1911; x_wconf 88' lang='lat'><strong>190.</strong></span> <span class='ocrx_word' id='word_1_146' title='bbox 780 1863 1017 1911; x_wconf 86' lang='lat' dir='ltr'><strong>Frommel.</strong></span> <span class='ocrx_word' id='word_1_147' title='bbox 1083 1860 1146 1910; x_wconf 83' lang='grc' dir='ltr'>Τὸ</span> <span class='ocrx_word' id='word_1_148' title='bbox 1191 1867 1353 1918; x_wconf 86' lang='grc' dir='ltr'><em>δειλίας</em></span> <span class='ocrx_word' id='word_1_149' title='bbox 1386 1864 1432 1918; x_wconf 76' lang='grc' dir='ltr'><em>ἐξ</em></span> <span class='ocrx_word' id='word_1_150' title='bbox 1464 1864 1665 1918; x_wconf 84' lang='grc' dir='ltr'><em>Αἴαντος</em></span> 
     </span>
     <span class='ocr_line' id='line_1_22' title="bbox 172 1941 1662 2008; baseline 0.001 -20"><span class='ocrx_word' id='word_1_151' title='bbox 172 1946 255 1989; x_wconf 84' lang='grc' dir='ltr'><em>τοῦ</em></span> <span class='ocrx_word' id='word_1_152' title='bbox 287 1941 626 2002; x_wconf 81' lang='grc' dir='ltr'><em>μαστιγοφόρου</em></span> <span class='ocrx_word' id='word_1_153' title='bbox 660 1945 962 2003; x_wconf 84' lang='grc' dir='ltr'><em>Σοφοκλέους</em></span> <span class='ocrx_word' id='word_1_154' title='bbox 1005 1943 1072 2008; x_wconf 85' lang='lat' dir='ltr'><em>(in</em></span> <span class='ocrx_word' id='word_1_155' title='bbox 1115 1962 1248 1992; x_wconf 88' lang='lat' dir='ltr'><strong>usum</strong></span> <span class='ocrx_word' id='word_1_156' title='bbox 1282 1961 1414 1992; x_wconf 88' lang='lat' dir='ltr'><strong>suum</strong></span> <span class='ocrx_word' id='word_1_157' title='bbox 1449 1942 1592 2008; x_wconf 80' lang='lat' dir='ltr'><strong>coegit</strong></span> <span class='ocrx_word' id='word_1_158' title='bbox 1625 1962 1662 1990; x_wconf 88' lang='lat' dir='ltr'><em>v.</em></span> 
     </span>
     <span class='ocr_line' id='line_1_23' title="bbox 176 2020 1665 2088; baseline -0.001 -18"><span class='ocrx_word' id='word_1_159' title='bbox 176 2026 251 2070; x_wconf 88' lang='lat'><em>75.</em></span> <span class='ocrx_word' id='word_1_160' title='bbox 300 2020 368 2070; x_wconf 89' lang='grc' dir='ltr'><em>Ου’</em></span> <span class='ocrx_word' id='word_1_161' title='bbox 404 2020 482 2081; x_wconf 85' lang='grc' dir='ltr'><em>σῖγ’</em></span> <span class='ocrx_word' id='word_1_162' title='bbox 521 2022 665 2078; x_wconf 80' lang='grc' dir='ltr'><em>οἷνέξει</em></span> <span class='ocrx_word' id='word_1_163' title='bbox 698 2021 808 2083; x_wconf 84' lang='grc' dir='ltr'><em>μηδὲ</em></span> <span class='ocrx_word' id='word_1_164' title='bbox 842 2027 1007 2069; x_wconf 85' lang='grc' dir='ltr'><em>δειλίαν</em></span> <span class='ocrx_word' id='word_1_165' title='bbox 1042 2020 1234 2088; x_wconf 50' lang='lat' dir='ltr'><em>‹ipsis-‚Q-</em></span> <span class='ocrx_word' id='word_1_166' title='bbox 1277 2020 1330 2069; x_wconf 75' lang='grc' dir='ltr'><em>τό</em></span> <span class='ocrx_word' id='word_1_167' title='bbox 1371 2022 1420 2069; x_wconf 81' lang='grc' dir='ltr'><em>δὲ</em></span> <span class='ocrx_word' id='word_1_168' title='bbox 1453 2025 1665 2082; x_wconf 83' lang='grc' dir='ltr'><em>σιωπῆς</em></span> 
     </span>
     <span class='ocr_line' id='line_1_24' title="bbox 174 2101 1662 2164; baseline 0.001 -15"><span class='ocrx_word' id='word_1_169' title='bbox 174 2105 222 2149; x_wconf 82' lang='grc' dir='ltr'><em>ἐκ</em></span> <span class='ocrx_word' id='word_1_170' title='bbox 270 2106 620 2160; x_wconf 88' lang='grc' dir='ltr'><em>Σιμωνίδου·</em></span> <span class='ocrx_word' id='word_1_171' title='bbox 666 2105 740 2148; x_wconf 80' lang='grc' dir='ltr'><em>καὶ</em></span> <span class='ocrx_word' id='word_1_172' title='bbox 780 2102 1012 2162; x_wconf 78' lang='grc' dir='ltr'><em>Αἰσχύλος</em></span> <span class='ocrx_word' id='word_1_173' title='bbox 1056 2104 1107 2149; x_wconf 83' lang='grc' dir='ltr'><em>ἐν</em></span> <span class='ocrx_word' id='word_1_174' title='bbox 1152 2109 1394 2163; x_wconf 81' lang='grc' dir='ltr'><em>Προμηθεῖ</em></span> <span class='ocrx_word' id='word_1_175' title='bbox 1441 2101 1662 2164; x_wconf 50' lang='grc' dir='ltr'><em>δεσμώτῃ</em></span> 
     </span>
     <span class='ocr_line' id='line_1_25' title="bbox 173 2180 1429 2251; baseline 0.002 -23"><span class='ocrx_word' id='word_1_176' title='bbox 173 2184 231 2245; x_wconf 85' lang='lat' dir='ltr'><em>(v.</em></span> <span class='ocrx_word' id='word_1_177' title='bbox 268 2182 511 2229; x_wconf 82' lang='lat' dir='ltr'><strong>Hermann.</strong></span> <span class='ocrx_word' id='word_1_178' title='bbox 550 2180 605 2229; x_wconf 87' lang='lat' dir='ltr'><em>de</em></span> <span class='ocrx_word' id='word_1_179' title='bbox 642 2182 850 2251; x_wconf 88' lang='lat' dir='ltr'><strong>Aeschyli</strong></span> <span class='ocrx_word' id='word_1_180' title='bbox 886 2183 1035 2231; x_wconf 87' lang='lat' dir='ltr'><strong>Prom.</strong></span> <span class='ocrx_word' id='word_1_181' title='bbox 1074 2181 1213 2232; x_wconf 87' lang='lat' dir='ltr'>Solut.</span> <span class='ocrx_word' id='word_1_182' title='bbox 1246 2201 1289 2250; x_wconf 90' lang='lat' dir='ltr'><em>p.</em></span> <span class='ocrx_word' id='word_1_183' title='bbox 1324 2183 1429 2247; x_wconf 85' lang='lat'>29.)</span> 
     </span>
    </p>

    <p class='ocr_par' dir='ltr' id='par_1_11' title="bbox 175 2261 1665 2800">
     <span class='ocr_line' id='line_1_26' title="bbox 342 2261 1392 2324; baseline 0 -16"><span class='ocrx_word' id='word_1_184' title='bbox 342 2267 539 2316; x_wconf 83' lang='grc' dir='ltr'><em>Πολλοῖς</em></span> <span class='ocrx_word' id='word_1_185' title='bbox 569 2262 653 2323; x_wconf 77' lang='grc' dir='ltr'><em>γάρ</em></span> <span class='ocrx_word' id='word_1_186' title='bbox 682 2265 779 2314; x_wconf 74' lang='grc' dir='ltr'><em>Ιἐστι</em></span> <span class='ocrx_word' id='word_1_187' title='bbox 812 2265 971 2324; x_wconf 82' lang='grc' dir='ltr'><em>κέρδος</em></span> <span class='ocrx_word' id='word_1_188' title='bbox 1003 2261 1031 2322; x_wconf 82' lang='grc' dir='ltr'><em>ἡ</em></span> <span class='ocrx_word' id='word_1_189' title='bbox 1069 2262 1166 2322; x_wconf 81' lang='grc' dir='ltr'><em>σιγή</em></span> <span class='ocrx_word' id='word_1_190' title='bbox 1201 2269 1392 2324; x_wconf 83' lang='grc' dir='ltr'><em>βροτοῖς.</em></span> 
     </span>
     <span class='ocr_line' id='line_1_27' title="bbox 181 2339 1664 2403; baseline 0 -15"><span class='ocrx_word' id='word_1_191' title='bbox 181 2339 302 2388; x_wconf 84' lang='lat' dir='ltr'>Alius</span> <span class='ocrx_word' id='word_1_192' title='bbox 349 2339 495 2388; x_wconf 83' lang='lat' dir='ltr'><strong>Schol.</strong></span> <span class='ocrx_word' id='word_1_193' title='bbox 559 2339 621 2387; x_wconf 67' lang='lat' dir='ltr'><em>To*</em></span> <span class='ocrx_word' id='word_1_194' title='bbox 668 2346 830 2397; x_wconf 86' lang='grc' dir='ltr'><em>δειλίας</em></span> <span class='ocrx_word' id='word_1_195' title='bbox 869 2344 1002 2403; x_wconf 84' lang='grc' dir='ltr'><em>γε’ρας</em></span> <span class='ocrx_word' id='word_1_196' title='bbox 1045 2341 1294 2390; x_wconf 70' lang='grc' dir='ltr'><em>ἀκίνδυνον</em></span> <span class='ocrx_word' id='word_1_197' title='bbox 1334 2345 1584 2402; x_wconf 79' lang='grc' dir='ltr'><em>Σοφοκλῆς</em></span> <span class='ocrx_word' id='word_1_198' title='bbox 1613 2343 1664 2388; x_wconf 73' lang='grc' dir='ltr'><em>ἐν</em></span> 
     </span>
     <span class='ocr_line' id='line_1_28' title="bbox 181 2415 1665 2485; baseline 0 -18"><span class='ocrx_word' id='word_1_199' title='bbox 181 2425 333 2467; x_wconf 84' lang='grc' dir='ltr'><em>Αἴαντι</em></span> <span class='ocrx_word' id='word_1_200' title='bbox 365 2421 426 2482; x_wconf 81' lang='grc' dir='ltr'><em>τῷ</em></span> <span class='ocrx_word' id='word_1_201' title='bbox 462 2421 777 2485; x_wconf 78' lang='grc' dir='ltr'><em>μαστιγοφόρῳ</em></span> <span class='ocrx_word' id='word_1_202' title='bbox 809 2425 946 2482; x_wconf 83' lang='grc' dir='ltr'><em>λέγει·</em></span> <span class='ocrx_word' id='word_1_203' title='bbox 981 2424 1100 2477; x_wconf 83' lang='grc' dir='ltr'><em>Αἴας</em></span> <span class='ocrx_word' id='word_1_204' title='bbox 1132 2420 1217 2481; x_wconf 77' lang='grc' dir='ltr'><em>γοέρ</em></span> <span class='ocrx_word' id='word_1_205' title='bbox 1253 2426 1293 2469; x_wconf 85' lang='grc' dir='ltr'><em>εἰ</em></span> <span class='ocrx_word' id='word_1_206' title='bbox 1325 2419 1477 2484; x_wconf 19' lang='grc' dir='ltr'><em>δειλός,</em></span> <span class='ocrx_word' id='word_1_207' title='bbox 1497 2415 1559 2482; x_wconf 81' lang='grc' dir='ltr'><em>ἦν</em></span> <span class='ocrx_word' id='word_1_208' title='bbox 1590 2422 1665 2469; x_wconf 64' lang='grc' dir='ltr'><em>καὶ</em></span> 
     </span>
     <span class='ocr_line' id='line_1_29' title="bbox 175 2496 1662 2563; baseline 0.001 -17"><span class='ocrx_word' id='word_1_209' title='bbox 175 2498 233 2558; x_wconf 79' lang='grc' dir='ltr'><em>μή</em></span> <span class='ocrx_word' id='word_1_210' title='bbox 269 2496 467 2559; x_wconf 69' lang='grc' dir='ltr'><em>θρασύς,</em></span> <span class='ocrx_word' id='word_1_211' title='bbox 521 2505 703 2560; x_wconf 79' lang='grc' dir='ltr'><em>εἴληφεν</em></span> <span class='ocrx_word' id='word_1_212' title='bbox 747 2499 805 2548; x_wconf 76' lang='grc' dir='ltr'><em>ἂν</em></span> <span class='ocrx_word' id='word_1_213' title='bbox 850 2504 981 2563; x_wconf 83' lang='grc' dir='ltr'><em>γέρας</em></span> <span class='ocrx_word' id='word_1_214' title='bbox 1026 2504 1105 2561; x_wconf 89' lang='grc' dir='ltr'><em>τῆς</em></span> <span class='ocrx_word' id='word_1_215' title='bbox 1138 2506 1300 2558; x_wconf 85' lang='grc' dir='ltr'><em>δειλίας</em></span> <span class='ocrx_word' id='word_1_216' title='bbox 1340 2500 1392 2550; x_wconf 71' lang='lat' dir='ltr'><em>vd</em></span> <span class='ocrx_word' id='word_1_217' title='bbox 1425 2499 1486 2562; x_wconf 69' lang='grc' dir='ltr'><em>μή</em></span> <span class='ocrx_word' id='word_1_218' title='bbox 1518 2504 1662 2548; x_wconf 76' lang='grc' dir='ltr'><em>κινδυ-</em></span> 
     </span>
     <span class='ocr_line' id='line_1_30' title="bbox 176 2578 1664 2642; baseline 0.001 -18"><span class='ocrx_word' id='word_1_219' title='bbox 176 2583 331 2625; x_wconf 86' lang='grc' dir='ltr'><em>νεῦσαι</em></span> <span class='ocrx_word' id='word_1_220' title='bbox 373 2578 647 2642; x_wconf 74' lang='grc' dir='ltr'><em>αὐτοχειρίᾳ·</em></span> <span class='ocrx_word' id='word_1_221' title='bbox 697 2579 746 2627; x_wconf 81' lang='grc' dir='ltr'><em>τό</em></span> <span class='ocrx_word' id='word_1_222' title='bbox 796 2583 842 2628; x_wconf 86' lang='grc' dir='ltr'><em>δὲ</em></span> <span class='ocrx_word' id='word_1_223' title='bbox 890 2585 1103 2641; x_wconf 82' lang='grc' dir='ltr'><em>σιωπῆς</em></span> <span class='ocrx_word' id='word_1_224' title='bbox 1147 2581 1460 2629; x_wconf 74' lang='grc' dir='ltr'><em>ἀκίνδυνον</em></span> <span class='ocrx_word' id='word_1_225' title='bbox 1499 2580 1664 2640; x_wconf 80' lang='grc' dir='ltr'><em>γέρας</em></span> 
     </span>
     <span class='ocr_line' id='line_1_31' title="bbox 177 2659 1661 2728; baseline 0.001 -24"><span class='ocrx_word' id='word_1_226' title='bbox 177 2663 223 2705; x_wconf 78' lang='grc' dir='ltr'><em>ἐκ</em></span> <span class='ocrx_word' id='word_1_227' title='bbox 259 2663 589 2716; x_wconf 88' lang='grc' dir='ltr'><em>Σιμωνίδου</em></span> <span class='ocrx_word' id='word_1_228' title='bbox 624 2662 715 2706; x_wconf 80' lang='grc' dir='ltr'><em>ἐστὶ</em></span> <span class='ocrx_word' id='word_1_229' title='bbox 752 2666 853 2708; x_wconf 86' lang='grc' dir='ltr'><em>τοῦ</em></span> <span class='ocrx_word' id='word_1_230' title='bbox 890 2666 1072 2708; x_wconf 89' lang='grc' dir='ltr'><em>Κείου.</em></span> <span class='ocrx_word' id='word_1_231' title='bbox 1141 2661 1318 2728; x_wconf 71' lang='lat' dir='ltr'><strong>Sopatri</strong></span> <span class='ocrx_word' id='word_1_232' title='bbox 1366 2659 1575 2719; x_wconf 77' lang='grc' dir='ltr'><em>Ζητήσεις</em></span> <span class='ocrx_word' id='word_1_233' title='bbox 1620 2679 1661 2726; x_wconf 90' lang='lat' dir='ltr'><em>p.</em></span> 
     </span>
     <span class='ocr_line' id='line_1_32' title="bbox 177 2735 1663 2800; baseline 0.001 -15"><span class='ocrx_word' id='word_1_234' title='bbox 177 2741 290 2795; x_wconf 76' lang='lat'>337,</span> <span class='ocrx_word' id='word_1_235' title='bbox 327 2739 399 2786; x_wconf 86' lang='lat'><em>17.</em></span> <span class='ocrx_word' id='word_1_236' title='bbox 440 2738 538 2785; x_wconf 77' lang='lat' dir='ltr'><em>Md.</em></span> <span class='ocrx_word' id='word_1_237' title='bbox 578 2735 733 2794; x_wconf 71' lang='grc' dir='ltr'><em>Οὕτως</em></span> <span class='ocrx_word' id='word_1_238' title='bbox 768 2739 1080 2787; x_wconf 69' lang='grc' dir='ltr'><em>ἀκίνδυνον</em></span> <span class='ocrx_word' id='word_1_239' title='bbox 1116 2744 1278 2800; x_wconf 83' lang='grc' dir='ltr'><em>γέρας</em></span> <span class='ocrx_word' id='word_1_240' title='bbox 1311 2738 1498 2795; x_wconf 74' lang='grc' dir='ltr'><em>παλαιός</em></span> <span class='ocrx_word' id='word_1_241' title='bbox 1530 2739 1663 2799; x_wconf 86' lang='grc' dir='ltr'><em>λόγος</em></span> 
     </span>
    </p>
   </div>
  </div>
 </body>
</html>
