1826 3080
910 84 1008 157 200

225 265 263 310 p.
314 246 446 301 397.‚
501 245 656 292 rectius
701 243 937 291 Muellerus
982 245 1195 309 Aeginen„
1245 263 1285 311 p.
1339 247 1443 295 104.
1470 252 1481 288 .'
1524 250 1686 299 Victori

226 323 424 371 Doriensi
462 323 644 388 patriam
683 321 913 369 dialectum
950 322 1248 372 reddidimus:
1296 343 1397 373 nam
1429 325 1614 388 ἡνίοχος
1646 341 1688 377 et

227 406 406 462 μορφῆς
439 413 538 448 ante
572 419 651 447 nos
686 400 920 459 edebatur,
954 421 991 448 v.
1027 402 1216 450 Praefat.
1249 402 1423 469 Epigrr.
1455 423 1501 471 p.
1535 406 1646 456 142

355 484 398 527 2.
436 481 674 545 Compares
711 479 838 527 Pind.
873 480 1000 530 Nem.
1033 481 1117 538 VI,
1153 483 1228 530 69.
1265 488 1496 541 Μελησίαν
1528 489 1688 546 χειρῶν

221 578 266 605 τε
300 561 372 605 καὶ
406 558 560 616 ἰσχύος
592 555 791 616 ἁνίοχον.
845 559 1130 625 Epigramma
1168 560 1289 627 apud
1320 561 1474 629 steph.
1505 564 1685 633 Byz.·--‹v.

220 642 428 695 Μίλητος.
475 635 755 685 Timotheum
790 649 914 685 vocat
946 638 1138 699 κυθοὶρας
1173 637 1318 696 δεξιόν
1349 639 1549 701 ἡνίοχον.
1595 643 1684 693 Cfr‘t

221 716 388 764 Iacobs.
423 715 475 762 A.
510 715 558 763 P.
593 716 711 763 Nott.
749 716 870 764 Critt.
904 735 946 782 p.
972 717 1082 765 949.
1186 723 1230 767 3.
1265 719 1684 787 StrepsiadesPindt

219 796 368 843 Isthm.
415 795 502 851 VI,
544 796 622 842 29.
673 796 821 841 σθένει
865 794 899 840 τ’
943 797 1158 855 ἔκπαγλος
1207 802 1315 844 ἰδεῖν
1358 817 1405 846 τε
1439 801 1683 861 ’μορφάεις-

217 874 308 933 ἄγει
338 873 372 920 τ’
408 871 568 933 οἷρετοέν
611 873 694 919 οὐκ
739 878 911 932 αἴσχιον
955 879 1084 932 φυᾶς.
1218 878 1263 927 4,
1299 878 1684 930 Patriamzufbem

216 971 446 1001 coronasse
490 952 672 1010 dicitur,
719 965 766 1000 ut
807 954 1070 1021 Phorystas‚
1118 957 1286 1005 Triacis
1328 957 1465 1015 filius,
1487 958 1570 1015 ιιι
1596 959 1683 1008 eie}-

215 1034 333 1097 ganti
369 1032 518 1096 Epigr.
556 1031 675 1097 apud
709 1032 978 1080 Boeckhium
1016 1035 1061 1080 C.
1099 1034 1257 1082 Inscrr.
1293 1038 1335 1094 I,
1373 1037 1513 1085 1582.

379 1109 592 1168 Εύόλβου
628 1112 674 1156 δὲ
709 1111 877 1170 πάτρας
909 1109 1018 1158 ἄστυ
1052 1111 1191 1159 καλόν
1226 1118 1437 1173 στεφανῶ.

215 1191 301 1238 Csr.
338 1189 578 1238 Simonidis
612 1190 761 1255 Epigr.
800 1191 968 1248 CCIX,
1001 1195 1044 1238 2.

1590 1285 1599 1310 x

875 1338 1011 1376 CCVII.

344 1428 478 1476 Anth.
523 1426 616 1476 Pal.
664 1429 755 1485 VI,
803 1428 909 1476 144.
978 1428 1212 1487 ’Λνᾶθημα
1265 1432 1327 1492 τῷ
1376 1429 1518 1494 Ἐρμῇ
1540 1455 1541 1458 ’
1564 1449 1686 1492 παρα

210 1507 511 1567 Λεωκράτους.
572 1511 915 1565 Σιμωνίδου.
986 1508 1054 1555 Ita
1098 1507 1190 1555 Pal.
1239 1527 1284 1575 p.
1335 1509 1441 1558 179.
1526 1510 1678 1560 Altero

209 1588 304 1635 loco
339 1617 404 1624 —
439 1587 508 1634 bis
544 1587 658 1634 enim
694 1586 853 1650 legitur
886 1616 954 1623 —
987 1590 1070 1633 τοῦ
1104 1586 1246 1634 αὐτοῦ
1280 1588 1444 1638 fertur:
1477 1607 1677 1656 praeces-

208 1677 322 1714 serat
355 1665 641 1731 Epigramma
678 1665 980 1723 Anacreontis,
1019 1684 1045 1713 a
1080 1685 1168 1731 quo
1204 1666 1429 1731 abjudicat
1461 1669 1678 1734 Bergkius

208 1757 357 1791 noster
390 1744 652 1791 Anacreont.
689 1744 880 1792 Carmm.
914 1764 955 1811 p.
991 1746 1103 1794 278.
1142 1757 1181 1794 et
1217 1745 1347 1795 aliam
1383 1747 1442 1796 ob
1476 1766 1677 1798 caussam

207 1835 248 1871 et
282 1822 403 1888 quod
448 1822 494 1869 in
528 1822 623 1869 cod.
670 1823 761 1870 Pal.
799 1823 934 1871 altero
981 1823 1077 1871 loco
1122 1835 1221 1872 ante
1264 1824 1348 1873 hoc
1388 1826 1677 1892 Epigramma

207 1902 327 1950 aliud
369 1901 610 1949 Simonidis
652 1902 922 1950 intercidisse
964 1903 1186 1960 videatur,
1241 1923 1378 1969 quum
1420 1904 1577 1954 lacuna
1618 1906 1676 1955 sit

206 1981 251 2028 in
289 1980 457 2037 codice,
506 1980 551 2027 in
596 1999 684 2045 quo
719 2000 847 2047 saepe
882 1981 1082 2030 similiter
1115 1994 1306 2031 erratum
1342 1995 1415 2032 est.
1468 1984 1567 2032 Huc
1602 2002 1675 2032 ac-

206 2060 320 2108 cedit
363 2059 483 2125 quod
525 2059 774 2108 Simonides
815 2060 1005 2108 eundem
1048 2062 1300 2110 Leocratem
1347 2049 1541 2111 carmine
1581 2063 1675 2130 epi-

205 2140 318 2187 nicio
353 2139 663 2196 celebraverat,
699 2160 735 2186 v.
771 2140 938 2205 Epinic.
977 2139 1055 2197 Fr.
1083 2141 1207 2188 XXI.

273 2223 500 2278 Στροίβου
535 2226 634 2273 παῖ,
668 2215 758 2264 τόδ’
793 2217 983 2278 ἄγαλμα,
1019 2219 1292 2280 Λεώκρατες,
1328 2214 1416 2267 εὖτ’
1451 2219 1675 2279 ἀνέθηκας

369 2295 529 2357 Ἐρμῇ,
565 2296 856 2356 καλλικόμους
891 2296 975 2344 οὐκ
1011 2300 1165 2354 ἔλαθες
1199 2297 1405 2359 Χάριτας,
1621 2325 1623 2327 r

272 2374 366 2422 οὐδ’
398 2375 669 2434 Ἀκαδημίαν
705 2380 986 2437 πολυγηθέα,
1021 2382 1099 2436 τῆς
1132 2380 1181 2424 ἐν
1216 2379 1387 2440 ἀγοστῷ

370 2453 452 2514 σήν
486 2454 736 2514 εὐεργεσίαν
769 2460 830 2519 τῷ
867 2454 1092 2515 προςιᾶντι
1125 2459 1246 2516 λέγω.

208 2535 486 2600 Epigramma
539 2535 726 2582 Hermae
784 2535 840 2582 ab
889 2536 1096 2583 Leocrate
1153 2537 1196 2583 in
1249 2533 1363 2582 ulnis
1406 2532 1669 2583 Academiae

203 2615 273 2675 (ἐν
307 2612 499 2675 ἀγοστῷ)
535 2613 676 2678 posito
715 2632 800 2660 non
837 2614 894 2662 ab
928 2614 1047 2680 ipsu,
1094 2613 1172 2662 sed
1207 2613 1264 2662 ab
1301 2611 1564 2662 antistitibus
1601 2611 1668 2659 lu-

205 2690 358 2738 dorum
396 2692 703 2758 gymnicorum
739 2693 995 2758 inscriptum
1033 2692 1212 2740 videtur.
1276 2693 1390 2740 Nam
1423 2690 1544 2756 quod
1579 2709 1667 2739 non
