1826 3080
905 128 960 164 Lu

203 250 369 300 rambis
411 250 680 298 accensenda
723 251 933 298 videntur.
1015 250 1064 298 Si
1105 261 1218 299 recte
1259 250 1545 310 arbitramur,
1588 252 1670 302 hae

203 342 424 397 praeterea
466 329 672 395 reliquiae
720 330 880 377 Dorios
925 347 1131 378 numeros
1173 329 1570 380 ostenduntz,2E1-r.
1613 332 1668 379 11.

201 410 279 457 111.
324 409 399 457 IV.
447 410 520 457 VI.
563 411 615 454 X.
663 408 741 455 XI.
792 406 965 455 XVIII.
1017 408 1134 455 XIX.
1176 409 1272 456 XX.
1327 410 1490 458 XXIV.
1514 411 1669 463 „XXV

203 488 392 536 XXVII.
428 487 615 548 XXXII,
652 487 866 534 XXXIII.
895 486 1058 534 LXIX.
1079 487 1238 534 LXXI.
1264 488 1444 535 LXXV.
1461 488 1670 544 LXXVI.

203 568 336 615 CVII.
382 567 541 614 CXVI.
589 565 762 613 CXVII.
807 566 979 613 CXXV.
1017 565 1310 614 CXXXVIII.
1391 567 1459 615 De
1493 566 1672 634 reliquis

201 678 270 685 —-
303 652 432 698 et'ne
467 645 522 693 de
556 645 623 693 his
659 644 834 710 quidem
873 644 1077 702 omnibus
1106 664 1175 693 res
1206 657 1324 693 extra
1354 645 1672 696 dubitationem

201 728 343 792 posita
378 736 442 772 est
474 753 563 781 -—‚
598 723 780 789 quilibet
812 743 892 772 suo
928 723 1100 772 fruatur
1130 724 1305 789 judicio.

336 803 570 871 Lydiam
623 802 902 850 harmoniam
957 801 1105 858 ὀξεῖαν
1150 806 1222 849 καὶ
1273 804 1519 862 ἐπιτήδειον
1561 801 1676 865 προς

201 887 378 944 θρῆνον
424 881 625 929 Threnos
667 879 872 929 habuisse
914 880 1144 947 probabile
1187 893 1252 930 est
1292 882 1546 950 plerosque,
1590 884 1674 932 nisi

202 963 324 1029 quod
357 961 540 1028 quidam
575 959 748 1007 Doricis
791 958 935 1007 modis
971 961 1061 1026 apti
1098 973 1240 1018 erant,
1286 961 1416 1011 veluti
1436 963 1523 1011 Fr.
1556 962 1674 1011 LIV.

200 1042 368 1110 Lydios
415 1039 574 1090 modos
617 1038 819 1087 videmur
853 1058 1089 1104 agnoscere
1122 1039 1169 1087 in
1205 1040 1419 1099 Encomio
1453 1041 1500 1089 in
1534 1041 1675 1090 Ther-

202 1120 482 1189 mopylenses
516 1119 588 1166 Fr.
610 1118 716 1166 Enc.
745 1119 836 1175 IX.‚
871 1118 1096 1167 fractiores
1131 1118 1187 1165 ab
1221 1118 1359 1178 initio,
1392 1120 1675 1169 incalescente

200 1213 355 1267 poetae
388 1210 564 1265 pectore
596 1197 910 1246 concitatiores.

340 1277 619 1326 Aeolicam
663 1276 953 1338 βαρύβρομον
996 1275 1214 1337 ἁρμονίαν
1267 1279 1427 1342 (Lasus
1469 1278 1674 1327 Hermio-

201 1358 349 1407 nensis
384 1356 486 1404 Ath.
521 1356 640 1413 XIV,
675 1375 717 1421 p.
755 1355 866 1414 624,
900 1357 974 1420 Ε.)
1007 1356 1146 1422 Epin„
1174 1356 1246 1404 Fr.
1279 1357 1379 1404 XII.
1412 1356 1460 1404 in
1484 1356 1675 1424 Scopam

202 1436 464 1486 Thessalum
500 1435 643 1482 offert.

336 1514 499 1563 Modos
546 1514 794 1562 Creticos
841 1511 1102 1577 (Κρητικόνε
1148 1515 1278 1571 μέλος
1310 1530 1351 1558 τι
1383 1515 1456 1559 καὶ
1491 1512 1677 1574 ῥυθμός.

202 1595 407 1651 Photius‚
453 1593 519 1641 cll.
554 1593 743 1641 Boeekh.
778 1593 905 1639 Metr.
940 1590 1067 1638 Pind.
1105 1591 1173 1649 II,
1210 1595 1252 1640 7.
1295 1610 1337 1658 p.
1377 1591 1507 1656 143.)
1549 1603 1678 1657 poeta

202 1676 295 1740 ipse
332 1672 403 1719 Fr.
438 1673 570 1718 XLV.
606 1670 798 1718 vindicat
830 1670 1222 1737 Hyporehemafis,
1265 1671 1342 1735 qui
1385 1670 1563 1719 Creticis
1596 1689 1678 1736 po-

205 1753 422 1801 tissimum
458 1749 772 1807 abundabant,
807 1767 990 1797 numero
1025 1748 1222 1797 violentis
1257 1749 1450 1797 motibus
1485 1761 1602 1815 apto,
1637 1761 1680 1798 et

206 1831 451 1898 anapaestis
483 1829 777 1878 velocissimis.

340 1909 540 1974 Denique
574 1909 802 1956 Locrica
835 1907 1066 1955 harmonia
1100 1905 1321 1954 interdum
1357 1925 1462 1954 usus
1494 1905 1678 1964 videtur,

207 1990 243 2037 si
277 1988 386 2037 fides
422 1986 681 2035 Heraclidae
715 1986 873 2034 Athen.
907 1986 1038 2044 XIV,
1071 2004 1112 2051 p.
1150 1987 1262 2042 625,
1296 1985 1350 2032 D.
1407 1991 1494 2032 Δεῖ
1523 1986 1570 2031 δὲ
1605 1984 1681 2045 ἂρ.

207 2071 368 2126 μονίαν
402 2068 518 2121 εἶδος
551 2069 664 2125 ἔχειν
695 2064 842 2126 ἤθους
874 2063 901 2124 ἢ
939 2064 1129 2120 πάθους,
1165 2063 1368 2123 καθάπερ
1393 2062 1422 2122 ἦ
1455 2067 1676 2124 Λοκριστί.

206 2146 340 2206 ταύτῃ
374 2144 457 2206 γάρ
493 2148 602 2191 ἔνιοι
634 2149 723 2191 τῶν
755 2146 1006 2204 γενομένω-ν
1041 2141 1149 2190 κατά
1182 2146 1440 2202 Σιμωνίδην
1470 2145 1543 2189 καὶ
1574 2146 1680 2191 Πίν-

209 2231 347 2286 δαρον
381 2223 626 2285 ἐχρήσαντό
661 2242 765 2270 ποτε
799 2226 872 2270 καὶ
905 2222 1036 2270 πάλιν
1073 2221 1400 2282 κατεφρονήθη.

343 2303 592 2351 Simonides
625 2304 744 2368 quod
779 2303 900 2371 lyrae
933 2300 1013 2349 τόν
1038 2306 1186 2361 τρίτον
1217 2301 1422 2361 φθόγγον
1458 2300 1681 2350 addidisse

210 2384 370 2432 dicitur
418 2382 580 2430 Scholl.
626 2382 701 2429 Ar.
743 2385 905 2447 Vespp.
954 2380 1094 2428 1410.
1139 2393 1179 2428 et
1225 2380 1348 2428 Suid.
1393 2399 1425 2428 s.
1460 2400 1524 2437 v.‚
1567 2390 1681 2428 recte

208 2463 412 2511 viderunt
451 2462 671 2510 Musicum
721 2460 843 2508 illum
886 2471 1070 2508 veterem
1119 2459 1392 2508 Simonidem
1436 2456 1681 2522 intelligen-

211 2543 316 2590 dum
354 2560 472 2598 csse,
518 2559 647 2606 quem
684 2558 817 2606 supra
854 2558 895 2605 p.
931 2539 1061 2587 VIII.
1100 2540 1331 2604 tetigimus.
1408 2536 1496 2584 Ceo
1528 2546 1681 2602 poetae

208 2621 420 2681 βάρβιτον
465 2619 751 2678 πολύχορδον
796 2636 996 2685 perverse
1053 2618 1206 2666 tribuit
1254 2615 1511 2666 Theocritus
1558 2613 1683 2681 XVI,

209 2699 287 2747 45.
338 2699 438 2765 Ipse
474 2698 574 2747 aulo
611 2698 782 2746 videtur
819 2697 1068 2755 delectatus,
1104 2698 1179 2745 cfr.
1209 2697 1303 2745 Frr.
1331 2696 1420 2743 Inc.
1443 2692 1682 2741 LXXVII.
