1826 3080
927 131 1021 178 152

231 270 330 316 Una
376 268 511 332 igitur
552 279 642 316 erat
688 266 893 315 columna
934 266 1202 324 Locrorum,
1255 284 1369 332 quos
1390 267 1393 270 ’
1415 265 1480 315 ÷ab
1529 266 1714 316 Graecis

227 358 429 395 evocatos
481 350 750 406 πανστρατιῇ
799 344 1028 394 auxiliatos
1079 363 1173 394 esse
1220 357 1406 394 narrant
1427 345 1711 396 *Herodotus

230 426 346 484 Vll,
390 429 502 474 203.
551 438 591 472 et
637 426 765 474 Paus.
812 427 877 483 X,
923 427 1013 483 20,
1049 429 1118 483 2.;
1167 423 1303 476 altera
1347 425 1711 476 omnium³Pelo—

228 506 566 573 ponnesiorum;
601 505 728 553 tertia
764 503 1111 571 Spartiatarum3
1149 517 1328 572 quarta,
1372 506 1552 573 opinor,
1580 506 1711 556 :The-

225 587 488 654 spiensium‚
524 585 600 650 qui
636 585 714 632 uni
747 597 853 634 teste
889 585 1053 634 Herod.
1089 585 1205 643 Vll,
1238 589 1351 634 222.
1387 604 1491 635 non·
1512 585 1712 636 nolentes

227 677 530 715 remanserunt
573 664 695 731 apud
738 664 984 713 Leonidam
1033 665 1262 723 morituri;
1321 665 1476 732 quinta
1495 664 1712 733 “denique

228 745 525 794 phocensibus
571 743 837 802 debebatur,
893 745 969 810 qui
1015 746 1236 794 tramitem
1281 745 1329 794 in
1372 743 1489 798 Oeta
1534 758 1711 796 strenue

221 837 474 873 servassent.
519 825 620 872 Jam
657 837 831 890 praeter
864 825 948 873 tria
983 825 1058 874 illa
1093 826 1430 893 Epigrammata
1461 826 1511 876 in
1531 827 1712 884 Locros,
1791 875 1798 883 ,

224 904 593 971 Peloponnesios,
645 903 890 970 Spartiatas
937 905 993 954 ab
1031 905 1262 955 Simonide
1306 905 1486 957 condita
1525 905 1600 962 vel
1627 906 1711 956 tria

221 986 284 1034 vel
331 996 523 1051 quatuor
573 984 630 1031 ab
686 983 842 1032 eodem
896 997 1025 1051 poeta
1078 986 1454 1035 circumferuntur
1501 985 1712 1036 heroibus

218 1062 676 1131 Thermopylensibus
713 1065 967 1131 composita.
1012 1064 1103 1114 Sed
1139 1084 1277 1131 quum
1314 1058 1360 1114 in
1394 1065 1710 1135 ThermoPylis

219 1144 394 1194 nonnisi
456 1144 652 1209 quinque
711 1143 874 1192 fuerint
926 1145 975 1193 in
1027 1150 1316 1215 πολυανδρίῳ
1374 1145 1593 1195 columnis
1638 1146 1707 1195 in-

216 1226 409 1292 sculpta,
453 1242 593 1271 unum
639 1234 754 1272 certe
797 1223 865 1272 vel
900 1223 990 1273 duo
1026 1243 1109 1292 pro
1145 1226 1456 1274 commentitiis
1489 1235 1595 1274 sunt
1626 1225 1706 1275 ha-

217 1305 375 1354 benda.
424 1303 515 1352 Sed
551 1303 768 1352 accedunt
802 1316 870 1353 sat
903 1323 1058 1369 graves
1095 1325 1299 1363 caussae,
1334 1325 1414 1354 cur
1447 1304 1599 1355 omnia
1633 1304 1707 1354 illa

218 1387 550 1453 Epigrammata
599 1383 655 1431 ab
705 1383 936 1433 Simonide
977 1385 1142 1452 scripta
1191 1403 1417 1451 negemus.
1497 1384 1629 1450 Quae
1670 1386 1707 1434 si

214 1486 310 1515 vere
346 1464 564 1531 insculpta
600 1463 783 1512 fuissent
819 1463 992 1512 tumulo
1029 1464 1332 1525 Graecorum,
1365 1463 1433 1514 vel
1469 1464 1528 1513 ab
1563 1464 1707 1513 Hero-

213 1547 319 1594 doto
354 1545 420 1594 vel
455 1564 480 1592 a
517 1543 738 1592 Strabone
773 1543 839 1592 vel
875 1543 932 1592 ab
958 1544 1161 1592 Diodoro
1194 1543 1379 1612 aliisque
1415 1544 1707 1612 scriptoribus

212 1626 343 1674 allata
378 1636 533 1673 essent.
591 1623 942 1690 Thespiensibus
978 1635 1125 1672 autem
1162 1636 1204 1672 et
1237 1624 1544 1675 Phocensibus
1579 1624 1705 1674 aliive

211 1706 331 1770 genti
366 1704 467 1752 ideo
502 1703 675 1752 nullum
711 1723 762 1751 ex
796 1704 848 1751 iis
882 1715 1027 1770 potest
1060 1704 1274 1770 scriptum
1308 1703 1455 1762 fuisse,
1491 1704 1702 1770 quoniam

213 1798 303 1832 tum
349 1783 768 1831 commemoratione
814 1783 1014 1849 ipsorum
1062 1803 1174 1851 opus
1211 1784 1386 1833 fuisset:
1431 1802 1546 1852 quae
1579 1783 1703 1834 nulla

211 1877 274 1912 est
309 1864 353 1911 in
389 1863 458 1911 his
493 1863 853 1930 Epigrammatis.
931 1862 1107 1930 Scripta
1149 1862 1287 1929 igitur
1322 1865 1368 1913 iu
1403 1863 1703 1926 Lacedaemo-

211 1945 333 1992 nios:
380 1955 425 1991 at
467 1942 566 1991 illos
609 1941 696 1990 alio
729 1941 1062 2008 Epigrammate
1106 1954 1147 1991 et
1183 1962 1235 1992 eo
1269 1942 1422 1992 divino
1457 1945 1701 1994 aeternitati

211 2022 452 2071 tradiderat
485 2033 615 2089 poeta
653 2022 779 2070 Ceus.
855 2022 1066 2089 Superest
1099 2035 1150 2071 ut
1184 2022 1456 2090 cenotaphiis
1489 2023 1701 2091 inscripta

211 2103 342 2151 fuisse
386 2121 626 2169 ponamus:
675 2101 747 2150 cui
797 2102 1037 2151 sententiae
1084 2101 1195 2151 nihil
1249 2115 1469 2170 repugnat
1521 2115 1696 2171 praeter

209 2183 552 2249 Epigramntatis
591 2183 717 2230 CLV.
754 2200 928 2230 versum
964 2181 1162 2231 alterum.
1243 2182 1335 2231 Sed
1369 2195 1468 2232 utut
1502 2195 1589 2241 est,
1638 2184 1696 2232 ab

209 2260 439 2310 Simonide
475 2262 698 2326 aequalive
734 2274 863 2329 poeta
898 2262 1095 2329 profecta
1131 2282 1223 2312 non
1257 2276 1361 2312 sunt
1394 2263 1461 2314 vel
1509 2262 1699 2314 dialecto

210 2342 438 2408 probante,
473 2359 586 2406 quae
620 2342 784 2390 Dorica
819 2361 912 2391 esse
947 2342 1150 2391 debebat.
1206 2343 1277 2402 Et,
1312 2343 1435 2410 quod
1471 2361 1695 2394 summum

207 2434 295 2478 est,
341 2421 421 2469 tria
466 2419 539 2467 illa
574 2420 909 2487 Epigrammata
944 2421 1222 2471 nobilissima
1267 2422 1456 2473 disticho
1493 2422 1694 2472 absoluta

206 2500 525 2568 sapientissime
561 2513 664 2549 sunt
698 2514 739 2550 et
772 2499 1094 2568 simplicissime
1128 2503 1317 2570 scripta,
1363 2503 1473 2552 haec
1516 2513 1689 2553 senten-

207 2582 276 2629 tiis
323 2581 547 2629 ornatiora
592 2592 633 2628 et
667 2581 778 2629 Ceae
823 2583 928 2631 artis
963 2583 1171 2650 expertia.
1238 2584 1441 2650 Denique
1489 2594 1539 2631 ut
1585 2581 1692 2631 lem·

209 2673 323 2708 mata
370 2660 546 2727 Epigrr.
595 2660 757 2708 CLlll.
807 2662 882 2709 IV.
934 2674 1108 2728 praeter
1163 2662 1298 2711 tidem
1353 2662 1552 2730 apposita
1594 2681 1693 2726 'esse

210 2741 402 2806 possint,
446 2753 493 2789 ut
536 2753 600 2789 est
635 2740 792 2789 lemma
833 2742 1020 2791 Palatini
1066 2742 1216 2808 Epigr.
1255 2740 1456 2790 CLVIII.
1494 2754 1535 2790 et
1571 2740 1692 2797 alias,
