1826 3080
902 116 967 164 69

339 372 597 389 νννννν

223 929 227 931 .
329 860 629 956 Εἷιὲωιὼυ
663 885 921 952 apposuisse
940 885 1208 954 Dionysium
1244 897 1287 934 et
1319 884 1548 951 stropham
1583 904 1678 934 car-

195 966 329 1016 minis
362 979 406 1016 et
440 964 760 1031 antistropham
783 982 884 1013 cum
910 964 1078 1031 epodo:
1111 964 1288 1013 flustra.
1338 964 1678 1030 Antistropham

194 1065 296 1097 nn
341 1046 488 1115 epodo
536 1045 711 1094 dedisse
754 1044 938 1093 videtur.
1006 1044 1217 1111 Epodum
1253 1063 1481 1094 censemus
1514 1044 1619 1093 inde
1654 1063 1679 1092 a

192 1143 322 1175 κιαι
359 1126 435 1175 15.
469 1124 632 1182 ordiri,
675 1123 754 1172 ubi
789 1123 971 1188 abjectis
1004 1123 1235 1191 paullatim
1270 1123 1459 1190 querelis
1493 1122 1679 1191 puerulo

193 1204 414 1272 rebusque
459 1204 551 1252 suis
592 1203 783 1270 quietem
828 1215 1035 1270 precatur
1073 1203 1224 1253 infelix
1260 1204 1440 1261 Danaa,
1483 1202 1679 1252 numeris

190 1302 273 1334 usa
320 1283 471 1351 paullo
515 1282 908 1350 tranquillioribus.
988 1284 1233 1332 Harmonia
1283 1283 1492 1331 carminis
1533 1282 1678 1350 Lydia

190 1362 328 1412 flebili
373 1375 638 1428 argumento
681 1363 930 1429 aptissima:
981 1362 1040 1410 ad
1073 1363 1220 1412 vivum
1257 1382 1487 1429 expressae
1522 1362 1677 1429 despe-

193 1442 331 1492 rantis
374 1443 529 1491 matris
573 1442 803 1508 angustiae
847 1442 1071 1491 versiculis
1117 1444 1237 1492 varie
1289 1443 1416 1509 quasi
1467 1442 1679 1498 dissectis,

194 1540 334 1589 quum
368 1521 477 1571 haec
510 1522 724 1571 orationis
757 1522 1061 1571 membrorum
1096 1523 1143 1571 in
1178 1522 1351 1572 diversa
1385 1542 1525 1589 eaque
1556 1523 1677 1571 inae-

192 1600 341 1668 ‹pnlia
384 1601 524 1652 frusta
570 1602 818 1669 discerptio
854 1602 1045 1651 maxime
1096 1604 1298 1670 apposita
1353 1604 1408 1652 sit
1463 1603 1677 1652 aestuanti

192 1700 359 1749 angore
392 1682 558 1739 animo,
590 1693 638 1730 ut
674 1700 903 1748 compares
929 1682 1154 1749 Europam
1179 1682 1467 1731 Horatianam
1495 1702 1676 1731 carmm.

193 1762 280 1820 ΠΙ,
321 1765 401 1812 27.
476 1760 595 1810 Illud
637 1773 784 1810 autem
820 1762 1030 1810 divinitus
1072 1762 1394 1811 administravit
1428 1774 1584 1829 poeta,
1630 1774 1677 1810 ut

191 1841 257 1891 vel
290 1842 495 1891 Danaam
532 1841 835 1890 mulierculam
874 1854 917 1890 et
950 1842 1218 1891 exacerbatis
1254 1842 1460 1892 fluctibus
1494 1842 1676 1890 marinis

190 1940 291 1971 eum
325 1921 555 1971 carissimo
589 1920 776 1987 PIgnore
811 1921 1015 1985 jactatam
1050 1923 1257 1989 precibus
1293 1922 1351 1971 ad
1374 1923 1522 1970 lovem
1553 1921 1676 1977 fusis,

193 2000 451 2051 calamitatis
494 2012 717 2049 auctorem
731 2038 743 2056 ‚
802 2013 1024 2067 postremo
1077 2001 1300 2051 laetiorem
1353 2021 1476 2068 spem
1530 2002 1675 2050 conci·

190 2079 382 2146 pientem
418 2081 588 2129 fecerit:
633 2080 907 2147 praeclarum
954 2081 1151 2130 solamen
1186 2081 1352 2149 pectori
1387 2079 1675 2129 instillatums

190 2177 367 2216 eorum,
421 2178 610 2226 quorum
656 2161 701 2209 in
755 2162 943 2226 gratiam
1000 2161 1203 2210 threnum
1259 2161 1377 2210 hunc
1427 2161 1672 2228 scripserat.

191 2237 340 2303 Quem
386 2238 566 2305 quidem
611 2239 814 2289 threnum
862 2241 899 2289 si
944 2241 1058 2289 inter
1107 2259 1182 2290 eos
1239 2241 1508 2308 reposueris,
1563 2260 1675 2307 quos

192 2316 411 2384 Scopadis
444 2317 745 2387 Aleuadisque
778 2320 1013 2388 scripserat
1046 2332 1174 2387 poeta
1208 2321 1344 2379 Ceus,
1381 2340 1460 2369 cur
1492 2321 1674 2370 Danaae

191 2397 467 2465 potissimum
515 2399 662 2448 Persei
706 2419 787 2449 suo
837 2401 1069 2450 metuentis
1110 2400 1309 2467 querelas
1363 2413 1491 2467 poeta
1543 2399 1674 2448 latius

189 2477 441 2536 diffuderit,
476 2478 662 2528 habebis
696 2479 991 2546 explanatum.
1054 2479 1122 2529 llli
1156 2481 1271 2529 enim
1309 2480 1427 2545 genti
1463 2480 1671 2529 Perseum

190 2556 480 2607 domesticum
524 2558 658 2608 fuisse
704 2558 836 2608 heroa
871 2559 1119 2609 Boeckhius
1154 2561 1310 2610 merito
1344 2577 1518 2607 sumere
1551 2558 1669 2608 vide-

187 2647 263 2686 tur
295 2637 625 2687 Introductione
658 2639 703 2687 in
739 2639 867 2688 Pind.
906 2639 1034 2708 Pyth.
1069 2640 1124 2688 X.

322 2719 463 2767 Versu
493 2720 531 2766 1.
552 2715 656 2766 ’Ὁτι
689 2718 843 2769 Aldus.
893 2720 999 2771 Post
1033 2719 1219 2780 λάρνακι
1254 2718 1594 2785 interposuimus
1619 2717 1667 2764 o'.
