1826 3080
901 91 965 138 56

202 223 378 288 quidem
426 221 605 283 ὄρχησις
650 227 824 282 μίμησις
863 217 921 281 ἦν
961 226 1052 268 τῶν
1096 222 1187 271 ὐπό
1234 228 1314 283 τῆς
1353 227 1511 283 λέξεως
1543 229 1666 287 ἑρμη-

200 305 454 362 νευομένων
488 301 777 363 πραγμάτων,
812 313 860 349 ut
895 300 1088 367 loquitur
1120 302 1392 353 Plutarchus.
1450 305 1665 355 Uberiora

199 383 296 431 vide
332 382 451 449 apud
485 381 753 429 Boeckhium
788 381 915 428 Metr.
949 379 1190 439 Pind.111‚
1223 383 1265 430 6.
1301 401 1342 448 p.
1363 385 1490 443 201„
1522 386 1663 436 Muel—

199 463 273 513 ler.
320 464 449 510 Dorr.
496 461 540 519 I,
583 480 625 527 p.
661 460 797 518 351.‚
843 459 1003 508 Hoeek.
1040 460 1152 509 Cret.
1189 461 1287 519 III,
1321 481 1364 528 p.
1398 463 1510 512 345.
1577 466 1663 513 Mi-

197 543 334 591 micae
379 541 641 589 imitationes
689 540 796 588 istae
839 551 1003 605 quanta
1047 540 1208 588 fuerint
1249 540 1438 605 agilitate
1481 541 1663 592 demon-

196 633 333 670 strant
369 619 616 687 praeclarae
661 619 743 667 hae
779 618 1133 668 Simonideorum
1169 620 1576 687 hyporchematum.
1594 642 1662 672 re·

195 701 364 766 liquiae.
437 699 619 746 Numeri
653 698 941 747 volutabundi
974 711 1102 765 atque
1136 699 1446 758 incitatissimi‚
1493 702 1663 752 Cretico

194 779 388 846 adaptati
424 778 632 846 rhythmo
668 777 911 842 juveniliter
944 777 1196 836 exsultanti,
1230 799 1267 827 v.
1304 780 1376 827 Fr.
1411 782 1545 830 XLV.
1590 782 1659 830 Si-

194 858 361 906 monidi
403 857 449 905 in
494 857 577 904 hoc
622 876 779 921 genere
814 857 958 924 poesis
991 856 1183 922 palmam
1220 858 1429 907 tributam
1464 878 1556 908 oese
1593 860 1661 908 di·

192 950 304 986 serte
339 948 521 985 testatur
551 935 813 985 Plutarchus
849 937 1075 1004 Symposs.
1110 937 1187 994 IX,
1227 938 1302 996 15,
1337 942 1395 996 2.,
1431 956 1561 1004 quem
1595 939 1660 988 10..

191 1036 290 1065 cum
327 1015 471 1064 statim
507 1015 792 1080 apposuimus
826 1028 875 1063 ut
909 1027 950 1063 et
985 1015 1041 1062 ab
1077 1014 1172 1063 aliis
1207 1027 1293 1073 est,
1337 1028 1385 1064 ut
1418 1036 1444 1066 a
1478 1017 1659 1067 Schnei-

190 1096 296 1143 dero
333 1107 372 1142 et
406 1094 626 1142 Boeckhio
663 1094 829 1142 Introd.
865 1094 994 1143 Pind.
1029 1094 1260 1162 Hyporch-
1289 1114 1333 1161 p.
1365 1097 1463 1144 596
1489 1116 1582 1163 sqq.
1619 1110 1658 1146 et

190 1195 214 1223 a
248 1175 376 1222 nobis
411 1174 515 1240 ipsis
551 1173 832 1222 emendatus:
879 1176 968 1220 Kal
1001 1170 1118 1228 ὅλως
1151 1177 1412 1233 μεταθετέον
1434 1173 1485 1222 τό
1514 1183 1659 1236 Σιμω·

187 1258 352 1300 νίδειον
403 1251 494 1299 οἷπό
538 1257 617 1311 τῆς
663 1257 917 1312 ζωγραφίας
959 1254 1032 1299 ἐπὶ
1076 1251 1156 1312 τήν
1201 1251 1408 1314 ὄρχησιν,
1439 1252 1535 1314 ,τήν
1578 1255 1672 1314 μὲν

188 1331 371 1393 ὄρχησιν
417 1333 530 1378 εἶναι
572 1336 752 1390 ποίησιν
799 1322 1062 1397 σιωπῷσαν,
1108 1331 1190 1391 τήν
1231 1334 1280 1379 δὲ
1313 1338 1493 1392 ποίησιν
1525 1333 1658 1381 πάλιν

187 1411 372 1473 ὄρχησιν
406 1414 737 1471 φθεγγομένην·
773 1407 884 1457 ὅθεν
919 1407 1020 1457 οὔτε
1054 1415 1193 1458 εἰπεῖν
1229 1414 1319 1459 ἐστι
1349 1416 1542 1474 γραφικῇ
1568 1412 1687 1473 μετέ

185 1500 297 1539 εῖναι
349 1494 598 1550 ποιητικῆς,
666 1487 767 1536 οὔτε
809 1493 1010 1550 ποιητικῇ
1051 1494 1294 1551 γραφικῆςρ
1337 1494 1395 1556 (v.
1442 1492 1556 1542 Plut.
1602 1493 1658 1542 de

185 1571 339 1620 Gloria
371 1569 705 1618 Atheniensium
740 1588 781 1635 p.
817 1568 945 1626 346,
981 1569 1028 1615 F.
1064 1568 1131 1617 cll.
1165 1570 1367 1635 Prolegg.
1401 1589 1445 1637 p.
1478 1572 1657 1633 XLIV.)

186 1650 293 1697 οὐδὲ
326 1653 518 1709 χρῶνται
548 1647 816 1707 τοπαράπαν
842 1646 1073 1706 ἀλλήλαις.
1110 1649 1345 1709 ὀρχηστικῇ
1368 1650 1417 1696 δὲ
1441 1652 1514 1696 καὶ
1534 1668 1655 1709 ποιη-

183 1733 276 1790 τικῇ
313 1732 525 1775 κοινωνία
560 1732 680 1775 πᾶσα
714 1729 787 1773 καὶ
820 1729 994 1786 μέθεξις
1025 1728 1230 1787 ἀλλήλων
1260 1730 1351 1775 ἐστὶ
1379 1731 1454 1774 καὶ
1471 1727 1654 1787 μάλιστα

183 1808 444 1869 μιμούμεναι
486 1810 586 1865 περὶ
631 1805 681 1853 τό
726 1810 815 1853 τῶν
859 1805 1191 1867 ὑπορχημάτων
1233 1809 1382 1867 γένος,
1427 1811 1479 1854 ἓν
1523 1810 1654 1866 ἔργον

184 1888 449 1948 ἀμφότεραι,
510 1884 591 1945 τήν
635 1884 706 1933 δια
749 1889 837 1932 τῶν
879 1886 1113 1945 σχημάτων
1162 1890 1236 1934 καὶ
1277 1890 1368 1933 τῶν
1418 1885 1653 1946 ὀνομάτων

183 1973 361 2027 μίμησιν
394 1968 699 2013 ἀποτελοῦσιν.
759 1965 914 2026 Δόξειξ
958 1964 995 2011 δ’
1042 1963 1126 2022 ἂν,
1171 1962 1319 2022 ὥσπερ
1362 1968 1412 2012 ἐν
1444 1970 1652 2027 γραφικῇ,

183 2046 234 2093 τοὶ
269 2049 349 2105 μὲν
383 2045 601 2103 ποιήματα
635 2053 728 2099 ταῖς
760 2053 999 2105 γραμμαῖς,
1034 2043 1115 2102 ὑφ’
1150 2040 1218 2091 ὧν
1253 2042 1440 2104 ὁρίζεται
1470 2043 1525 2090 τοὶ
1558 2048 1652 2104 εἴδη

183 2126 386 2189 [μάλιστα
433 2126 646 2180 ἐοικέναι,
698 2121 750 2170 τοὶ
798 2124 844 2169 δὲ
887 2126 966 2181 τῆς
1010 2122 1235 2182 ὀρχήσεως
1266 2130 1359 2177 τοῖς
1390 2122 1649 2187 χρώμασιν]

181 2210 309 2263 δηλοῖ
328 2206 382 2250 δὲ
412 2202 435 2249 ὁ
462 2203 694 2262 μάλιστα
722 2203 1156 2262 κατωρθωκέναι
1183 2200 1352 2256 δόξας
1381 2204 1441 2247 ἐν
1463 2199 1650 2262 εἲῐίτορ-

182 2285 419 2343 χήμασιν
453 2286 543 2328 καὶ
570 2283 864 2340 γεγονέναι
895 2279 1287 2334 πιθανώτατος
1320 2278 1492 2334 αὐτος
1527 2282 1650 2327 ἑαυ-

180 2368 307 2419 τοῦ,
343 2360 393 2408 τὸ
429 2365 599 2407 δεῖσθαι
633 2358 712 2418 τήν
747 2361 900 2420 ἑτέραν
934 2363 1012 2418 τῆς
1045 2360 1201 2418 ἑτέρας.
1274 2359 1368 2406 Hoc
1404 2359 1532 2407 dicit:
1578 2359 1646 2407 Si-

182 2441 380 2489 monides
414 2440 504 2488 suis
539 2440 674 2505 ipsius
708 2438 1063 2508 hyporchematis
1098 2438 1389 2495 convincitur,
1434 2456 1523 2487 non
1558 2450 1645 2486 tam
1720 2474 1726 2479 -

180 2521 329 2587 poesin
378 2532 419 2568 et
460 2520 698 2586 picturam,
744 2532 791 2567 ut
835 2519 928 2585 ipse
951 2516 1090 2573 dicit,
1133 2535 1264 2583 quam
1300 2517 1571 2566 saltationem
1606 2530 1647 2565 et

180 2600 327 2665 poesin
375 2599 634 2664 cognatione
677 2598 868 2663 quadam
911 2597 1069 2645 tenerit
1122 2596 1255 2645 altera
1307 2598 1422 2646 enim
1470 2595 1646 2644 alterius

178 2698 261 2744 ope
297 2691 405 2742 eget.
472 2678 623 2741 Pergit
656 2677 851 2743 exempla
887 2676 1101 2725 asserens:
1141 2674 1201 2723 Τὸ
1234 2674 1337 2734 γάρ·
