1826 3080
908 138 976 176 vu

201 263 338 314 sacris
380 262 564 312 deorum
620 262 849 312 artissimis
871 287 874 291 ⁴
899 261 1085 313 vinculis
1128 261 1308 328 ligatam
1358 263 1419 311 ad
1463 262 1680 329 igniculos

199 343 397 412 poeticos
429 353 587 392 natura
619 342 839 408 ingenitos
880 341 1093 392 fovendos
1116 353 1177 391 et
1219 341 1436 409 frequenti
1470 342 1679 393 exercita·

199 422 323 472 tione
353 420 588 472 eheiendos
619 439 713 470 non
744 420 968 471 mediocre
1008 420 1215 471 hahuisse
1246 433 1533 472 momentum.
1606 422 1677 472 Ita

199 500 450 553 domesticis
482 500 620 551 sacris
652 500 979 566 instigabantur
1008 513 1171 568 poetae.
1195 502 1478 569 poetriaeqne
1505 501 1676 569 Lesbii;

198 581 398 633 Gerenia?
413 581 550 631 sacris
591 580 818 630 addictum
860 581 1063 629 novimus
1096 581 1262 631 Lasum
1293 582 1675 640 Hermionensem,

196 661 473 731 suspicamur
518 660 709 729 Cydiam
759 658 912 708 itidem
966 661 1354 721 Hermionensem;
1414 661 1675 729 Apollineae

193 739 396 807 religioni
429 740 566 789 dediti
599 752 753 808 poetae
791 738 928 788 Siculi
957 739 1232 790 Stesichorus
1266 754 1310 791 et
1340 742 1525 811 Ibycus;
1561 742 1674 791 Ceo-

193 837 294 870 nm
327 819 518 887 denique
549 832 779 888 poetarum
813 819 1003 868 familias
1037 820 1134 885 jure
1166 821 1432 870 hereditario
1467 841 1538 871 res
1571 840 1672 870 mu-

191 899 304 950 dens
334 900 382 949 in
417 899 538 949 sestis
569 899 790 967 Apollinis
822 899 972 968 Pythii
1009 899 1361 958 administrasse,
1394 920 1484 949 non
1521 900 1671 949 dubiis

188 978 363 1029 iudiciis
406 991 588 1030 tenetur.
682 979 936 1029 Simonides
985 979 1207 1037 Musicus,
1257 997 1390 1045 quem
1439 999 1539 1028 cum
1581 980 1671 1028 Ar-

187 1058 388 1109 ehilocho
420 1059 479 1108 ad
514 1059 696 1129 Olymp.
718 1060 880 1108 XXIX.
915 1071 1132 1108 memorat
1153 1058 1395 1117 Eusebius,
1427 1077 1528 1107 cum
1556 1060 1670 1126 Hip-

183 1150 371 1207 ponacte
414 1139 607 1209 Cyl-illus
649 1138 747 1188 adv.
776 1133 948 1201 Julian.
997 1157 1042 1205 p.
1081 1138 1166 1196 12,
1209 1138 1257 1187 C.
1306 1150 1348 1187 et
1392 1139 1461 1186 cui
1495 1137 1668 1186 Plinius

184 1218 315 1268 Risi.
337 1219 436 1268 Nat.
479 1219 564 1267 Vll
578 1256 591 1278 ,
634 1221 711 1268 56.
758 1218 1047 1286 heptachordi
1093 1218 1388 1267 inventionem
1440 1218 1667 1277 adscribit,

182 1310 332 1348 utrum
374 1298 462 1347 hnc
494 1298 710 1364 pertineat
755 1316 814 1346 an
847 1316 995 1356 secus,
1041 1297 1363 1364 inexploratum
1416 1310 1492 1347 est.
1575 1298 1668 1347 Sed

182 1377 242 1426 ad
291 1376 411 1426 illam
466 1375 743 1443 disciplinam
798 1377 1039 1442 respexisse
1090 1376 1337 1425 Pindarum
1390 1376 1472 1424 τόν
1520 1376 1665 1424 πολλοὶ

182 1456 330 1505 εἰδότα
362 1460 484 1518 φυᾷ,
531 1474 669 1523 quum
705 1455 981 1504 Simonidem
1018 1467 1060 1504 et
1094 1455 1410 1523 Bacchylidem
1446 1455 1555 1511 τούς
1586 1475 1662 1516 μα-

179 1535 351 1591 θόντας
381 1535 544 1602 carpit,
575 1553 669 1582 non
704 1534 924 1583 absonum
958 1534 1133 1595 videtur
1174 1547 1376 1584 statuere.
1442 1534 1561 1583 Illud
1595 1548 1660 1584 ta-

179 1605 280 1666 men
322 1613 478 1665 sedulo
512 1613 754 1663 cavendum
798 1626 884 1673 est,
925 1633 982 1663 ne
1023 1615 1123 1681 quis
1156 1614 1393 1679 imaginem
1431 1614 1660 1664 hominum

177 1695 237 1745 ad
269 1695 423 1763 poesin
457 1694 603 1743 invitis
636 1694 779 1743 Musis
822 1693 1108 1742 factitandam
1144 1693 1474 1760 compulsorum
1511 1695 1662 1744 animo

175 1775 261 1826 sibi
293 1775 512 1824 informet.

309 1854 400 1905 Sed
434 1854 591 1902 harum
628 1871 775 1901 rerum
810 1854 1002 1903 rationes
1037 1854 1165 1903 altius
1201 1854 1474 1922 repetendae.
1527 1856 1656 1903 Locri

174 1934 458 2003 Epizephyrii
502 1952 650 1982 rerum
700 1933 968 1982 musicarum
1020 1934 1143 1982 haud
1195 1934 1365 2000 vulgari
1413 1934 1562 1983 studio
1615 1946 1657 1983 et

174 2012 333 2063 ardore
368 2013 545 2062 fuerunt
579 2012 825 2080 conspicui,
867 2013 996 2063 Pind.
1034 2013 1214 2081 Olymp.
1250 2014 1326 2061 XI.
1372 2033 1472 2062 cum
1509 2014 1653 2081 Intpp.

174 2091 323 2156 Quam
365 2091 544 2159 quidem
605 2091 781 2141 laudem
837 2110 936 2139 cum
992 2091 1172 2158 reliquis
1214 2092 1397 2141 civitatis
1446 2092 1654 2141 institutis

173 2191 199 2221 a
232 2172 489 2239 parentibus
524 2171 589 2220 vel
609 2172 820 2238 Opuntiis
854 2171 919 2221 vel
956 2171 1107 2220 Ozolis
1141 2171 1347 2221 traditam
1383 2172 1658 2239 acceperint:

172 2250 394 2301 Hesiodus
428 2263 572 2299 autem
607 2251 837 2301 Locrensis
872 2251 954 2298 fuit
988 2262 1137 2317 poeta,
1179 2269 1370 2317 quocum
1413 2251 1650 2300 Stesichori

171 2330 442 2380 nimetensis
476 2343 613 2379 artem
656 2331 934 2397 conjunctam
981 2330 1114 2379 fuisse
1157 2330 1332 2380 edocuit
1366 2330 1650 2380 wolckerus.

168 2409 459 2459 Vetustissimi
503 2421 648 2458 autem
693 2410 769 2459 Cei
811 2410 978 2459 insulae
1020 2410 1162 2460 coloni
1198 2412 1437 2460 Locrenses
1473 2411 1651 2459 suerunt

168 2488 344 2538 Ozolae.
430 2489 561 2538 Unde
611 2488 720 2538 illud
774 2490 900 2538 valde
944 2490 1230 2539 memorabile
1269 2484 1474 2546 ridetur,
1526 2489 1648 2556 quod

168 2566 294 2617 Plato
338 2568 542 2617 Comicus
583 2568 865 2637 Bacchylidis
922 2570 1150 2635 cujusdam
1207 2571 1401 2620 meminit
1456 2569 1647 2618 tibicinis

169 2646 368 2714 Opuntii,
403 2667 439 2694 v.
468 2647 630 2697 ScholL
652 2642 782 2698 Arist⁴
803 2649 951 2697 Nubb.
973 2652 1083 2699 330.
1116 2662 1157 2698 et
1184 2650 1307 2699 Suid.
1342 2671 1378 2696 v.
1400 2648 1642 2709 Σοφιστής.

166 2726 358 2774 Πλάτων
379 2726 404 2772 ὁ
428 2726 619 2786 κωμικός
643 2730 695 2775 ἐν
711 2729 900 2788 δράμασι
922 2735 1170 2787 Σοφισταῖς
1190 2733 1261 2776 καὶ
1282 2728 1359 2775 τόν
1378 2728 1647 2777 Ὀπούντιον
