1826 3080
897 115 961 162 70

183 251 300 297 Tum
337 253 564 310 δαιδαλαίᾳ
598 248 768 297 codices
796 247 962 312 Regius
985 246 1020 294 I.
1058 245 1247 294 Colbert.
1276 246 1420 295 Aldus
1454 259 1495 296 et
1530 266 1661 314 quem

183 348 265 378 nos
311 329 457 377 denuo
477 379 482 384 ,
502 328 824 376 accuratissime
866 327 1134 375 excussimus
1177 325 1313 375 codex
1350 325 1661 395 Guelferbyta-

184 427 268 457 nus
306 427 414 457 saec.
451 409 544 455 XV.
586 404 780 465 ’Ἄνεμος
814 408 968 454 πέσενι
1015 405 1275 472 scripsimus
1315 405 1495 470 vestigia
1529 409 1663 455 secuti

185 488 425 537 librorum:
469 506 572 534 nam
618 486 789 534 codices
824 487 932 551 Reg.
968 487 1002 534 Ι.
1050 485 1175 534 Colb.
1214 485 1358 534 Guelf.
1395 503 1495 534 cum
1530 484 1663 534 Goel-

185 567 264 617 leri
307 567 505 631 margine
540 565 728 613 Aldinae
763 565 1063 623 Victorianae‚
1106 584 1219 631 quae
1253 564 1477 613 Monachii
1519 582 1664 613 serva-

185 659 281 703 tur,
327 664 370 692 τε
411 644 500 704 μήν
535 645 781 706 (ΤΕΜΕΝ
811 645 837 692 i.
867 664 907 693 e.
943 647 1184 707 ΠΕΣΕΝ)
1227 656 1471 711 praestant:
1515 644 1551 690 τ’
1585 645 1663 704 ἐμῇ

187 726 340 774 Aldus.
405 723 647 788 Vulgatum
690 726 829 785 βρέμῃ
872 724 976 774 inde
1023 744 1048 773 a
1084 724 1326 793 Sylburgio
1370 736 1666 791 propagatum

186 806 230 853 in
274 803 456 851 Victorii
505 802 599 851 cod.
648 822 678 870 p
723 804 946 852 inventum
994 805 1150 852 fertur:
1226 804 1346 852 unde
1405 803 1668 853 Schaeferus

184 887 346 945 βρέμεν
380 882 538 939 elicuit,
573 883 894 932 Boissonadius
913 886 1074 944 βρέμει,
1112 885 1394 932 Hermannus
1423 883 1481 932 ad
1516 883 1666 948 Viget.
1717 945 1723 950 ³

187 983 228 1031 p.
266 966 376 1011 923.
413 965 579 1022 βρέμοι.
632 964 785 1029 Neque
822 966 971 1010 στένεν
1005 964 1250 1013 absurdum
1288 963 1412 1012 foret.
1513 967 1558 1011 2.
1583 981 1667 1010 xm.

187 1045 233 1090 δὲ
269 1047 400 1101 λίμνα
434 1041 556 1089 libri:
592 1061 636 1088 τε
669 1043 931 1092 Brunckius.
978 1043 1242 1110 Interpretes
1273 1054 1373 1091 ante
1394 1042 1667 1103 Brunckium

187 1123 319 1171 verba
356 1126 519 1181 δείματι
551 1119 710 1181 ἤριπεν
745 1135 787 1170 et
820 1123 915 1189 ipsa
952 1122 1008 1170 ab
1045 1120 1117 1170 ὅτε
1151 1140 1363 1188 suspensa
1399 1122 1497 1180 rati,
1531 1116 1581 1170 ut
1609 1121 1669 1169 ad

187 1222 308 1251 mare
350 1202 575 1250 turbatum
619 1213 836 1267 spectent,
890 1200 1077 1267 pessime
1114 1201 1342 1250 labuntur.
1432 1202 1485 1249 In
1537 1219 1668 1268 quem

188 1301 365 1330 sensum
409 1279 621 1346 quidam
666 1279 786 1346 apud
829 1280 1040 1328 Ursinum
1088 1280 1234 1340 κύμβα
1277 1280 1344 1328 vel
1380 1279 1560 1341 πρύμνα
1590 1284 1671 1327 δεί-

188 1381 311 1420 ματι,
357 1360 641 1408 Thierschius
689 1378 832 1426 nuper
876 1363 1044 1418 χείματι
1084 1360 1293 1408 tentabat.
1360 1359 1537 1414 Turbas
1572 1359 1673 1408 civit

188 1440 309 1507 quod
345 1439 564 1488 intercidit
598 1459 760 1488 nomen
795 1440 997 1487 Danaae:
1047 1442 1214 1501 Quum
1266 1457 1373 1487 vero
1407 1439 1459 1486 in
1493 1440 1670 1486 cistam

189 1528 356 1567 ventus
400 1520 613 1566 irrueret
658 1527 1052 1583 commotumque
1099 1537 1266 1574 mare,
1313 1537 1438 1584 prae
1488 1527 1672 1566 terrore

189 1596 402 1646 concidit
439 1601 692 1661 (Danaa)
737 1596 1056 1662 madidisque
1097 1599 1241 1660 genis
1282 1600 1519 1645 Perseum
1566 1615 1673 1645 am-

184 1679 437 1744 plexaque
490 1687 562 1725 est
605 1676 833 1741 dixitque
885 1695 979 1742 sqq.
1081 1682 1146 1725 ·3.
1193 1675 1352 1738 ἤριπεν
1395 1676 1670 1725 Brfinekius:

190 1761 340 1819 ἕριπεν
375 1757 503 1806 codd.
541 1769 582 1805 et
617 1756 774 1814 Aldus,
810 1759 930 1816 ἕριπε
965 1756 1137 1814 Guelf.,
1174 1759 1344 1815 ἕρειπεν
1377 1756 1525 1805 Ursin.
1563 1756 1671 1805 Hia-

190 1849 282 1885 tum
321 1856 579 1885 excusamus
614 1836 816 1901 Prolegg.
851 1856 894 1903 p.
930 1836 1131 1884 XLVIII.
1180 1836 1296 1884 Tum
1334 1832 1426 1882 οὔτ’
1461 1834 1564 1883 libri
1600 1854 1672 1884 ve—

191 1917 385 1965 rissime:
433 1914 528 1963 0136’
570 1917 844 1974 Bruncffius,
890 1917 1017 1982 quasi
1060 1915 1118 1964 ad
1160 1915 1294 1975 βάλλε
1328 1915 1565 1981 pertineret
1594 1933 1672 1963 ne-

194 1997 332 2060 gatio;
389 1996 549 2044 deinde
596 1995 840 2043 άδιάνταισι
881 1995 1034 2060 vulgo:
1097 1994 1228 2041 άδίαν
1271 2001 1385 2041 ταῖσι
1435 1993 1504 2043 vel
1544 1994 1675 2042 άδίαν

192 2090 305 2122 ταισι
333 2074 490 2132 Aldus,
524 2094 680 2139 margo
707 2075 898 2125 Goelleri
932 2083 1058 2131 τοῖσι,
1096 2074 1232 2123 codex
1262 2075 1446 2123 Victorii
1480 2093 1510 2140 p
1545 2072 1676 2122 α’διαν

193 2161 319 2211 ταίσι,
357 2154 502 2203 Guelf.
526 2154 774 2214 άδιαντῆσι;
810 2175 909 2204 cum
938 2154 1162 2204 Brunckio
1198 2154 1380 2221 quidam
1417 2153 1674 2210 ἀδιάντοισι,

194 2235 475 2282 immemores
529 2233 591 2281 illi
633 2235 820 2282 Porsoni
872 2235 917 2284 in
965 2235 1116 2301 Eurip.
1162 2234 1347 2283 Medeae
1394 2235 1506 2283 822.
1574 2233 1676 2300 Ipse

196 2313 448 2362 Simonides
485 2317 598 2360 Χίον
634 2312 913 2374 ἀμφιρύτην
948 2314 1058 2383 dixit
1092 2315 1244 2381 Epigr.
1277 2315 1472 2370 XXXII,
1506 2317 1551 2361 2.

297 2393 341 2441 4.
375 2392 627 2457 Legebatur
660 2401 838 2452 Περσαῖε
877 2393 1022 2443 Guelf.
1045 2393 1145 2441 Ald.
1182 2396 1354 2454 Πέρσει.
1406 2393 1523 2440 Tum
1545 2389 1677 2456 vulgo
1705 2431 1717 2442 ,

196 2471 329 2531 βάλες
364 2471 508 2520 Aldus
542 2472 689 2531 βάλλε,
726 2473 871 2522 Guelf.
906 2472 1049 2533 paim,
1085 2472 1207 2538 quod
1242 2484 1357 2521 recte
1390 2471 1526 2521 habet
1556 2470 1676 2536 juxta

198 2552 290 2598 εἶπε
327 2552 546 2601 aoristum
593 2553 794 2619 Denique
819 2555 954 2613 χέραν
971 2552 1126 2601 Aldus.
1231 2556 1274 2601 5.
1312 2552 1429 2600 Εἶπέ
1457 2567 1503 2597 τε
1531 2547 1676 2598 Guelf.

198 2631 419 2697 praebuit:
465 2630 519 2679 de
555 2631 677 2680 hiatu
714 2652 748 2679 v.
785 2632 987 2698 Prolegg.
1031 2651 1073 2698 p.
1108 2631 1343 2690 XLVIII„
1390 2629 1523 2695 vulgo
1556 2628 1679 2676 εἶπέν

198 2728 254 2756 τε.
302 2711 367 2759 Ex
391 2711 545 2760 eodem
572 2711 716 2760 Guelf.
745 2715 870 2767 τέκος
898 2712 1163 2777 recepimus:
1199 2711 1365 2760 editum
1395 2720 1488 2759 erat
1507 2709 1678 2763 τέκνον,
