1826 3080
886 121 983 167 102

184 256 322 313 θύος,
381 254 589 315 γυναικός
637 257 684 301 δὲ
728 255 967 313 γενομένης
1006 251 1295 313 Ἐπιμηθέως.
1383 254 1497 305 Vide
1541 256 1664 324 lbyc.

187 335 327 400 Rheg.
363 334 566 400 Prolegg.
603 353 645 401 p.
681 335 759 382 42.
796 345 838 382 et
870 333 947 382 cfr.
985 334 1055 382 Fr.
1091 333 1213 399 Eleg.
1248 333 1365 382 LlX.

822 462 1034 518 Lxxxvn.

324 572 469 621 Schol.
522 571 674 638 Eurip.
735 571 879 620 Orest.
934 570 1013 619 46.
1075 567 1278 632 “Guneus
1330 573 1382 619 ἐν
1432 572 1671 632 Μυκήναις

190 656 300 712 φησὶ
331 651 385 699 τοὶ
416 656 615 712 βασίλεια
647 650 1002 711 Ἀγαμέμνονος,
1051 655 1333 712 Στησίχορος
1371 654 1420 699 δὲ
1461 655 1539 700 καὶ
1575 658 1668 701 Σι-

188 735 363 791 μωνίδ
372 750 434 790 ης
466 734 517 778 ἐν
551 735 887 793 Λακεδαιμονίᾳ.

810 879 1038 916 LXXXVIII.

324 970 572 1039 Hesychius
617 982 660 1018 et
700 970 905 1019 Varinus.
979 969 1237 1030 Νεαιρήισιν
1281 974 1456 1026 ἵπποις·
1510 968 1671 1034 (codex

188 1061 338 1144 Naial,
375 1084 521 1147 ῥήϊσιν
555 1089 581 1131 ἴ.
617 1082 697 1131 τόν
731 1082 770 1130 οἷ.
804 1091 858 1130 N.
874 1120 886 1140 ‚
922 1082 1152 1144 Νειρήϊσιν
1186 1084 1414 1148 Varinus.)
1445 1089 1540 1138 τοῖς
1566 1083 1676 1146 (scr.

189 1214 301 1275 ταῖς)
346 1209 438 1258 ἀπό
483 1214 687 1271 Νεαίρας.
739 1212 813 1281 gea).
855 1212 1196 1268 Σιμωνίδης·
1250 1212 1503 1270 Νεαίραν
1542 1207 1671 1267 γνά-

189 1299 308 1337 θον.
356 1292 527 1350 Νέαιρα
572 1290 619 1335 δὲ
652 1293 822 1348 χωρίον
864 1290 914 1334 ἐν
948 1286 1126 1349 Λήμνῳ.
1197 1286 1325 1336 Idem
1359 1289 1466 1336 Νέα.
1501 1292 1671 1349 χωρίον

190 1369 391 1428 Λήμνου,
427 1366 546 1415 ὅπου
583 1372 706 1414 δοκεῖ
736 1365 1006 1426 Φιλοκτήτης
1035 1369 1266 1425 δηχθῆναι.
1326 1365 1495 1415 Similia
1520 1365 1670 1432 Steph.

191 1450 298 1516 Byz.
334 1460 375 1496 et
410 1447 571 1496 Suidas
605 1469 642 1495 v.
679 1449 802 1494 Νέαι.
1242 1432 1245 1435 .

326 1528 576 1576 Simonides
619 1540 694 1576 aut
745 1539 989 1593 serpentem
1038 1525 1232 1583 dicebat,
1286 1526 1361 1591 qui
1407 1525 1675 1574 Philoctetae

191 1607 348 1655 vulnus
391 1607 546 1655 inflixit
589 1620 685 1665 aut,
734 1606 856 1672 quod
891 1604 1188 1671 probabilius,
1230 1623 1386 1671 rupem
1428 1605 1673 1661 Lemniam,

192 1699 240 1735 ut
274 1699 338 1735 est
373 1687 493 1753 apud
528 1685 797 1754 Aeschylum
834 1688 1152 1742 Σαλμυδησσία
1185 1682 1365 1742 γνάθος.
1410 1684 1464 1731 In
1499 1701 1549 1732 ea
1584 1684 1673 1731 sive

191 1765 375 1832 parvula
410 1765 552 1814 insula
600 1766 687 1814 sive
734 1775 856 1837 perte
901 1764 1056 1811 Lemni
1091 1762 1378 1811 Philoctetam
1420 1781 1571 1811 morsu
1605 1762 1672 1811 af-

192 1846 354 1894 fectum
392 1846 635 1912 expositum
672 1845 805 1893 fuisse
841 1844 1053 1892 consentit
1083 1842 1300 1891 Dosiades
1334 1842 1426 1890 Ara
1460 1842 1507 1890 iu
1538 1840 1671 1892 Anth.

193 1924 284 1973 Pal.
320 1927 426 1983 XV,
462 1928 550 1983 25,
586 1928 663 1973 23.

664 2035 880 2097 Καθαρὸς
910 2035 994 2096 γοὶρ
1029 2034 1113 2095 ἐγώ

329 2116 400 2164 cdv
435 2120 593 2164 ἱέντων
625 2117 821 2177 τεράων,
858 2115 930 2164 οἷα
965 2114 1138 2163 κέκευθ’
1173 2116 1341 2169 ἐκεῖνος

328 2195 443 2255 ἀμφὶ
477 2199 613 2251 Νέαις
646 2202 883 2258 Θρηϊκίαις.

197 2321 285 2368 Csr.
330 2321 520 2387 Appian.
573 2322 771 2369 Mithrid.
826 2323 902 2370 77.
971 2319 1062 2368 Sed
1107 2319 1181 2367 illa
1239 2319 1372 2367 verba
1418 2317 1676 2378 Νεαιρήισιν

195 2403 367 2456 ἵπποις,
420 2419 607 2465 quorum
657 2403 701 2449 in
746 2402 888 2449 locum
938 2400 1207 2466 reposuerim
1253 2401 1560 2459 Νεαιραιῂσιν,
1609 2424 1676 2432 -—

196 2499 298 2527 nam
347 2480 404 2528 ab
455 2482 623 2539 Νέαιρα
664 2482 712 2529 {it
758 2487 1016 2541 Νεαιραῐος,
1066 2491 1113 2526 ut
1149 2479 1204 2526 ab
1241 2481 1335 2525 Νέα
1371 2480 1562 2536 Νέαιρος
1594 2502 1674 2531 --,

196 2559 269 2607 illa
317 2559 452 2624 igitur
496 2545 624 2626 poeta
670 2562 815 2610 nescio
850 2560 948 2626 quis
984 2571 1189 2625 posuerat
1225 2558 1279 2606 de
1315 2558 1512 2623 equabus
1546 2555 1675 2610 Solis,

197 2639 321 2702 cujus
356 2658 468 2687 uxor
500 2639 630 2687 fuerit
667 2641 858 2697 Neaera,
894 2641 1024 2687 Hom.
1062 2638 1149 2688 Od.
1186 2638 1295 2695 XII,
1334 2638 1440 2686 133.
1492 2636 1676 2684 Praece-

196 2718 261 2765 dit
295 2719 415 2784 apud
452 2719 744 2787 Hesychium:
782 2722 971 2780 Νέαιρα·
1008 2717 1227 2766 Ὠκεανοῦ
1262 2716 1472 2776 θυγάτηρ.
