1826 3080
885 69 1024 104 xxxn

225 211 399 242 carmen
434 190 705 241 Simonidem
739 191 931 240 Libitina
965 202 1168 240 sacrarat.
1242 191 1420 240 Rectius
1459 193 1686 243 Dissenius

223 273 456 338 Aeginetas
490 271 704 338 quosdam
738 282 890 337 poetas
926 269 1087 338 lyricos
1122 270 1240 337 carpi
1274 270 1529 337 suspicatur.
1598 272 1685 321 Su·

224 364 365 419 perest
398 351 519 400 locus
556 350 708 417 Isthm.
741 350 795 396 ΙΙ.
830 348 922 396 init.

291 514 349 558 Οἱ
377 510 457 569 μὲν
492 508 637 564 πάλαι,
674 502 708 554 ὦ
744 506 1051 567 Θρασύβουλε,
1088 509 1243 565 φῶτες,
1279 512 1324 554 οἳ
1355 505 1684 568 χρυσαμπύκων

220 594 266 644 ἐς
299 594 465 648 δίφρον
499 590 684 634 Μοισᾶν
718 588 898 645 ἔβαινον
930 589 1065 646 κλυτᾷ
1101 585 1309 645 φόρμιγγι
1342 585 1671 645 συναντόμενοι,

221 673 362 728 ῥίμφα
395 671 621 720 παιδείους
654 665 860 722 ἐτόξευον
892 663 1151 725 μελιγάρυας
1181 662 1366 724 ὕμνους,

221 745 338 800 ὅστις
371 744 457 792 ἐών
489 742 625 799 καλὸς
657 745 771 804 εἶχεν
802 743 1066 805 Ἀφροδίτας

220 824 448 885 εὐθρόνου
481 822 741 884 μνάστειραν
775 822 956 870 ἁδίσταν
991 821 1184 882 ὀπώραν.

218 905 245 951 οἱ
281 911 435 952 Μοῖσα
466 900 550 962 γοέρ
587 903 643 949 οὐ
677 901 940 962 φιλοκερδής
973 920 1042 948 πω
1076 901 1163 949 τότ’
1197 898 1257 962 ἦν
1291 901 1386 949 οὐδ’
1419 901 1603 963 ἐργάτις,

218 982 314 1031 οὐδ’
348 985 589 1042 ἐπέρναντο
622 989 816 1040 γλυκεῖαι
848 980 1149 1040 μελιφθόγγου
1183 984 1284 1028 ποτὶ
1321 982 1592 1043 Τερψιχόρας

218 1063 544 1123 ἀργυρωθεῖσαι
576 1059 790 1120 πρόςωπα
823 1059 1175 1119 μαλθακόφωνοι
1209 1060 1366 1108 ἀοιδαί.

219 1147 322 1190 Νῦν
356 1140 392 1188 δ’
427 1144 572 1201 ἐφίητι
604 1138 654 1187 τὸ
689 1138 902 1198 τωργείου
938 1138 1131 1198 φυλάξαι

219 1219 317 1282 ῥῆμ’
352 1220 560 1274 ἀλαθείας
595 1218 713 1265 ὁδῶν
748 1216 926 1276 αγχιστα
957 1224 1130 1277 βαῖνον,

217 1301 434 1360 χρήματα,
481 1297 662 1358 χρήματ’
699 1295 833 1356 ανήρ,
878 1297 928 1350 ὃς
971 1299 1036 1354 φᾶ
1085 1296 1281 1342 κτεάνων
1324 1294 1446 1363 θαμοέ
1487 1300 1684 1356 λειφθεὶς

1147 1378 1219 1420 καὶ
1253 1379 1409 1434 φίλων.

218 1538 312 1583 Hoc
346 1535 440 1582 loco
476 1552 567 1581 non
611 1532 752 1580 solum
788 1531 1061 1580 Simonidem
1106 1542 1153 1578 ut
1188 1530 1465 1590 φιλάργυρον
1508 1550 1533 1578 a
1576 1532 1682 1579 Pin-

215 1615 323 1661 daro
358 1612 527 1660 traduci
562 1611 826 1676 loquuntur,
867 1610 946 1659 sed
988 1610 1061 1657 illa
1108 1628 1300 1675 quoque:
1345 1613 1432 1654 νῦν
1466 1607 1503 1655 δ’
1538 1611 1683 1669 ἐφίητι

213 1705 254 1740 et
288 1710 380 1757 sqq.
415 1691 461 1738 in
497 1690 684 1738 eundem
720 1689 897 1738 tendere
931 1689 1172 1756 perhibent.
1235 1691 1401 1736 Verum
1435 1687 1543 1737 haec
1574 1689 1681 1737 Piu-

213 1772 346 1819 darus
388 1788 433 1819 se
476 1770 622 1835 ipsum
666 1769 890 1832 ingeniose
945 1787 1126 1835 carpens
1173 1768 1364 1834 scripsit:
1432 1767 1682 1817 Simonidoe

213 1850 397 1899 eandem
441 1848 666 1896 victoriam
712 1859 811 1895 ante
845 1847 1088 1896 Pindarum
1132 1847 1442 1896 celebraverat:
1489 1845 1608 1894 unde
1641 1865 1678 1894 v.

219 1932 288 1978 12.
324 1928 450 1977 addit
482 1927 726 1975 Pindarus:
777 1926 859 1973 οὐκ
903 1925 1059 1986 ἀγνῶτ’
1104 1926 1235 1974 ἀείδω
1279 1927 1477 1985 Ἰσθμίαν
1509 1929 1680 1972 ἵπποισι

212 2015 363 2065 νίκαν,
398 2027 489 2056 ῃοη
524 2007 742 2063 dicturus,
777 2007 959 2072 opinor,
996 2007 1051 2055 de
1085 2005 1334 2054 adversario
1370 2022 1519 2061 exoso,
1554 2004 1679 2069 cujus

213 2089 423 2136 carmina'
450 2086 680 2152 explodere
727 2097 985 2134 consuesset.
1064 2084 1260 2132 Omnino
1301 2083 1492 2131 incertus
1527 2099 1681 2131 rimor

213 2167 266 2214 de
301 2164 588 2213 aemulatione
630 2166 854 2232 utriusque
900 2175 1052 2231 poetae
1097 2163 1154 2210 ad
1189 2161 1454 2210 Scholiastas
1487 2160 1679 2228 perlatus

212 2245 402 2292 videtur:
447 2243 641 2290 testatior
684 2263 751 2292 res
788 2244 841 2292 de
875 2240 1167 2310 Bacchylide‚
1211 2261 1248 2289 v.
1284 2242 1405 2289 Neue
1441 2258 1482 2308 p.
1518 2242 1548 2288 3
1583 2258 1676 2307 sqq.

214 2325 261 2371 In
305 2323 435 2370 rebus
482 2321 686 2388 mythicis
730 2335 873 2371 autem
917 2320 993 2369 ubi
1038 2320 1307 2386 discrepant,
1361 2318 1678 2368 adversandine

209 2402 355 2451 studio
400 2400 518 2447 ducti
566 2400 733 2448 diversa
777 2401 947 2467 sequuti
993 2399 1099 2456 sint,
1153 2418 1209 2446 an
1245 2397 1352 2446 alias
1396 2397 1454 2446 ob
1489 2415 1676 2454 caussas,

209 2485 421 2529 incertum
456 2491 529 2527 est.
600 2479 762 2526 Confer
796 2477 1036 2527 Simonidis
1070 2479 1142 2525 Fr.
1178 2478 1343 2546 Hymn.
1373 2478 1552 2525 XXXV.
1585 2476 1674 2524 Ine.

210 2562 383 2607 LXXX.
467 2557 581 2606 Aliis
633 2558 875 2606 rationibus
930 2557 1272 2605 Scholiastarum
1329 2553 1677 2605 narratiunculas

207 2638 399 2686 confutat
431 2636 712 2686 Thierschius
747 2637 874 2685 Pind.
909 2636 1079 2685 Transl.
1115 2638 1262 2685 Germ.
1299 2637 1342 2695 Ῑ,
1374 2654 1417 2702 p.
1454 2636 1531 2683 30.
