1826 3080
773 285 1029 300 vvvvvv

370 599 884 612 -----------

422 654 427 662 ,

411 679 476 688 ᾳ,
505 675 570 690 -„
630 651 781 690 ;„--
828 635 1040 701 .‘[„..-]

367 716 507 761 Versu
547 714 588 762 1.
633 715 680 760 δὲ
723 715 1000 780 inseruimus.
1069 715 1307 763 Exornavit
1349 727 1476 781 poeta
1513 716 1706 767 concele-

232 795 356 841 brata
391 792 464 841 illa
501 792 683 841 Hesiodi
720 793 837 860 Opp.
871 795 983 843 265.

300 876 390 931 Τῆς
424 871 583 931 ἀρετῆς
615 877 778 932 ἱδρῶτα
811 877 912 920 θεοὶ
947 872 1257 932 προπάροιθεν
1289 875 1473 930 ἕθηκαν>>

296 951 536 998 ἀθάνατοι·
574 950 742 1011 μακρὸς
777 954 824 999 δὲ
857 955 930 999 καὶ
963 950 1122 1012 ὄρθιος
1155 951 1282 1010 οἶμος
1313 954 1360 1006 ἐς
1392 950 1550 1011 affinius.

291 1036 365 1077 καὶ
397 1028 561 1090 τρηχύς
592 1035 824 1091 τοπρῶτον
841 1051 850 1061 ·
884 1030 996 1090 ἐπήν
1031 1031 1067 1076 δ’
1102 1035 1163 1084 εἰς
1196 1028 1336 1090 ἄκρον
1370 1035 1524 1090 ἵκηται,

293 1115 436 1171 ῥηϊδίη
474 1108 527 1168 δή
561 1113 706 1157 ἔπειτα
740 1112 885 1166 πέλει,
921 1109 1089 1169 χαλεπή
1123 1129 1205 1169 περ
1240 1113 1389 1157 ἐοῦσα.

224 1190 390 1239 Eadem
428 1192 575 1254 imago
612 1189 796 1237 Virtutis
841 1188 990 1237 subest
1036 1188 1333 1238 nobilissimae
1377 1188 1555 1238 fabulae
1587 1189 1693 1237 Pro—

224 1268 375 1325 diciae,
414 1289 446 1315 v.
469 1267 670 1333 Prolegg.
707 1287 749 1334 p.
775 1269 999 1324 XXXIX.;
1033 1268 1256 1333 perinepte
1293 1267 1486 1331 Quintus
1519 1268 1696 1336 Smyrn.

221 1349 339 1405 XIV,
362 1348 469 1395 195.
490 1347 761 1396 deformavit.
830 1351 875 1395 2.
899 1347 1120 1395 Clemens:
1157 1351 1246 1392 νῦν
1270 1349 1318 1393 δέ
1335 1367 1412 1406 μιν
1431 1346 1565 1403 θοάν,
1584 1365 1694 1413 quo-

223 1445 319 1475 rum
365 1426 600 1476 verborum
646 1426 893 1476 emendatio
940 1426 996 1474 ab
1039 1426 1350 1493 interpretibus
1383 1426 1503 1474 varie
1535 1437 1695 1474 tentata

218 1506 310 1554 noli
346 1505 547 1554 dubitare
583 1507 689 1572 quin
725 1525 933 1574 prospere
958 1506 1086 1554 nobis
1113 1507 1379 1554 successerit.
1423 1506 1538 1558 Nam
1557 1523 1694 1570 quum

219 1587 390 1649 imago,
437 1605 571 1651 quam
616 1585 829 1650 praebent
880 1584 1151 1643 δυσάμβατοι
1197 1587 1369 1643 πέτραι,
1421 1584 1693 1634 sanctissima

218 1664 301 1712 dea
335 1683 424 1712 non
459 1664 563 1712 satis
598 1663 733 1728 digna
769 1663 1008 1718 videretur,
1050 1662 1411 1728 quandoquidem
1445 1675 1488 1712 et
1521 1661 1692 1728 Sphinx

216 1743 387 1809 aliaque
420 1742 741 1815 ejusdemmodi
776 1754 973 1791 monstra
1006 1742 1053 1790 in
1087 1743 1317 1791 inaccessis
1351 1741 1546 1808 rupibus-
1565 1741 1691 1790 sedes

215 1822 357 1871 fixisse
401 1822 707 1887 fingebantur,
755 1821 998 1870 necessario
1040 1820 1162 1868 aliud
1202 1820 1460 1870 venerahilis
1495 1820 1577 1869 dea
1612 1820 1688 1869 de-

214 1901 436 1950 siderabat
470 1901 712 1967 epitheton,
755 1901 817 1948 uti
852 1904 1001 1960 χῶρον
1035 1899 1179 1965 ipsum
1216 1898 1355 1958 ἁγνόν
1389 1911 1512 1948 vocat
1545 1911 1683 1965 poeta.

214 1980 423 2029 Similiter
457 1980 640 2028 Virtutis
675 1979 862 2045 speciem
898 1991 1180 2028 exornaverat
1213 1978 1414 2027 Telesilla
1441 1978 1607 2043 Argiva
1642 1978 1686 2026 in

213 2059 373 2108 Scholl.
423 2061 552 2108 Hom.
602 2058 765 2127 Odyss.
810 2060 873 2115 N,
917 2061 1028 2108 289.
1089 2057 1171 2106 Ἐκ
1212 2063 1291 2116 τῆς
1323 2055 1432 2104 navo?
1464 2055 1547 2116 τήν
1577 2054 1684 2111 ὄψιν

212 2138 498 2197 κοσμιότητος
529 2141 602 2184 καὶ
636 2142 792 2193 αἰδοῦς
822 2141 895 2185 καὶ
927 2142 1061 2185 τοῦτο
1097 2136 1313 2184 ὑπονοεῖν
1351 2141 1529 2193 δίδωσι,
1563 2133 1684 2183 meo?

210 2221 282 2264 καὶ
316 2221 537 2276 Ξενοφῶν
570 2220 643 2263 καὶ,
673 2219 902 2264 Τελέσιλλα
933 2215 961 2275 ἡ
999 2216 1170 2275 Ἀργεῖα
1205 2216 1528 2277 διαγράφουσιν
1560 2214 1683 2275 Ἀρε-

209 2301 287 2355 τῆς
318 2299 390 2343 καὶ
424 2295 765 2354 Καλοκοῖγαθίας
786 2295 947 2344 εἰκόνα.
1031 2298 1075 2346 4.
1111 2296 1191 2344 Vel
1222 2313 1504 2345 numerorum
1541 2294 1681 2359 gratia

208 2373 292 2435 γάρ
327 2374 695 2441 interponendum
732 2375 825 2423 fuit.
875 2376 976 2422 Jam
1013 2376 1128 2423 enim
1164 2387 1292 2441 poeta
1326 2394 1405 2423 cur
1438 2374 1517 2424 iste
1548 2370 1682 2431 λόγος

208 2454 354 2502 virtuti
402 2454 660 2502 conveniens
715 2454 769 2501 sit
815 2465 857 2502 et
903 2465 1004 2519 apta
1052 2454 1198 2518 imago
1241 2453 1436 2520 explicat.
1511 2453 1678 2516 Neque

207 2535 359 2589 enim,
408 2534 493 2591 ait,
537 2533 868 2581 celebritatem
903 2533 1226 2588 nanciscitur,
1263 2533 1366 2580 nisi
1397 2531 1491 2597 qui
1518 2528 1679 2577 multo

204 2612 382 2660 sudore
417 2613 579 2678 effuso
616 2614 669 2658 in
705 2630 953 2660 summam
988 2630 1151 2661 arcem
1181 2612 1375 2660 virtutis
1398 2611 1566 2657 enisus
1597 2617 1679 2656 est.

204 2692 403 2756 Namque
445 2690 537 2742 Nil
573 2685 677 2738 s'ine
725 2709 908 2753 magno
959 2693 1071 2737 Vita
1117 2691 1285 2738 labore
1323 2687 1461 2737 dedit
1496 2694 1676 2734 morla-
