1826 3080
878 124 973 170 126

816 314 1030 351 cxxxvn.

319 420 601 486 Aristophan.
650 417 850 464 Gramm.
900 435 969 483 ap.
1015 415 1214 465 Eustath.
1258 414 1308 464 Il.
1359 423 1420 475 A,
1462 434 1508 483 p.
1553 417 1668 475 877,

186 504 262 550 55.
314 501 542 561 Προφέρει
576 499 623 544 δὲ
658 499 731 543 καὶ
765 500 1094 557 Σιμωνίδου
1129 494 1330 556 χρήσεις,
1366 497 1417 542 ἐν
1450 494 1521 551 αἷς
1550 498 1670 556 βοῦν

185 578 353 642 ἄῤῥενα
399 575 470 626 ὅτε
515 579 597 637 μὲν
639 580 852 637 ταῦρον
899 578 968 639 (ut
1010 576 1163 643 Epigr.
1200 574 1344 635 CCII,
1383 577 1471 641 1.)‚
1515 571 1597 623 ὅτε·
1622 575 1671 622 δὲ

183 664 385 720 μᾶλυν,
430 655 575 717 ἤγουν
616 661 786 717 μῆλον,
839 652 912 703 ὅτε
964 657 1011 703 δὲ
1046 655 1335 716 πρόβατον
1369 655 1539 710 ἐκεῖνος
1571 652 1672 702 ὄνο-

183 739 314 798 μάζει.
358 738 510 786 Minus
546 736 780 802 diligenter
814 735 1015 784 Eustath.
1053 736 1218 804 Odyss.
1255 741 1314 792 K,
1349 753 1393 802 p.
1423 733 1671 812 1648412.

813 930 1043 966 CXXXVIII.

323 1056 520 1105 Eustath.
559 1055 608 1102 Il.
647 1054 711 1111 Ο,
746 1073 787 1121 p.
829 1054 985 1111 1034,
1026 1055 1064 1102 1.
1112 1054 1432 1114 Ἀνεμοτρεφὲς
1462 1053 1514 1100 δὲ
1544 1050 1675 1100 ἄλλων

187 1142 273 1198 χοῦ
308 1141 390 1196 μὲν
425 1139 572 1194 ἔγχος,
609 1137 697 1180 νῦν
732 1135 780 1179 δὲ
815 1138 934 1192 κῦμα
969 1131 1290 1193 ἀνεμοτρεφὲς,
1341 1132 1365 1179 ὃ
1400 1132 1549 1196 ἀνέμῳ
1582 1133 1676 1190 τρέ-

189 1235 338 1276 φεται,
375 1213 399 1262 ὅ
437 1218 527 1262 ἐστι
562 1213 800 1273 πήγνυται,
848 1216 1125 1270 συνίσταται,
1169 1211 1356 1269 αὔξεται.
1409 1210 1676 1274 ’ἘτεροΓδὲ

188 1297 488 1357 ἀνεμοτρεφὲς
522 1292 573 1340 τό
610 1291 798 1339 εὔτονον
826 1294 1015 1351 λέγουσι.
1064 1297 1386 1352 Σιμωνίδης
1417 1295 1536 1351 γοῦν
1567 1292 1679 1351 φασὶ

188 1373 297 1423 κατά
349 1378 484 1421 τοῦτο
539 1371 589 1420 τό
647 1371 976 1431 σημαινόμενον
1030 1371 1208 1426 πύλας
1262 1371 1679 1432 άνεμοτρεφέας

186 1458 322 1515 λέγει,
357 1453 436 1509 τοὶς
470 1452 687 1507 εὐτόνους
721 1450 900 1511 δηλαδή.
953 1450 1100 1499 Schol.
1136 1451 1301 1499 Victor.
1337 1469 1407 1518 ap.
1442 1451 1587 1519 Heyn.
1624 1449 1676 1499 Il.

188 1537 299 1594 VII,
343 1554 385 1602 p.
425 1535 534 1583 779.
605 1534 694 1579 Καὶ
734 1534 1060 1590 Σιμωνίδης
1104 1529 1678 1591 άνεμοτρεφέων.πυ-

188 1613 335 1661 λάων
371 1616 474 1679 (scr.
511 1613 679 1676 πυλᾶν)
715 1616 870 1671 εἴρηκε.

322 1693 524 1761 Heynius
561 1689 795 1738 πτελεάων.
831 1690 1059 1738 Audacter
1091 1701 1221 1756 poeta
1256 1688 1436 1756 lyricus,
1471 1685 1595 1754 quod
1619 1686 1678 1735 de

189 1773 423 1823 arboribus
460 1770 592 1836 vulgo
629 1769 872 1830 dicebatur,
908 1769 967 1818 ad
1000 1780 1152 1836 portas
1187 1767 1296 1816 altas
1323 1767 1529 1816 traduxit.
1587 1767 1678 1816 Lo·-

190 1853 410 1920 quebatur
444 1863 616 1909 autem,
651 1850 688 1898 si
723 1849 846 1898 locus
882 1862 946 1899 est
981 1848 1279 1914 conjecturae,
1315 1846 1372 1896 de
1404 1847 1528 1913 regia
1560 1845 1678 1896 Iovis

189 1932 458 1982 sublimibus
503 1930 590 1979 alta
636 1928 867 1979 columnis.
936 1928 1050 1977 Vide
1095 1927 1151 1976 de
1195 1927 1337 1976 forma
1373 1923 1681 1988 άνεμοτροφῆς

195 2013 378 2062 Lobeck.
414 2012 460 2060 in
497 2010 633 2078 Soph.
670 2009 741 2075 Aj.
782 2009 893 2058 604.

833 2157 1032 2194 CXXXIX.

328 2248 622 2298 Choerobosc.
668 2247 801 2296 Bekk.
856 2245 1056 2296 Anecdd.
1106 2264 1147 2312 p.
1201 2245 1342 2294 1424.
1415 2241 1683 2305 Τριγλόχιν.

193 2331 440 2390 πλατυτέρα
489 2330 606 2374 ἐστὶν
650 2325 677 2386 ἦ
721 2331 783 2382 εἰς
820 2330 853 2382 ’ξ
877 2325 1074 2386 λήγουσα
1109 2324 1363 2384 κατάληξις,
1404 2324 1682 2384 σπανιωτέρα

192 2411 239 2456 δὲ
273 2408 301 2469 ἢ
338 2412 405 2455 εἰσ
437 2410 471 2452 ῖῑ
501 2406 755 2465 κατάληξις,
796 2404 858 2461 ὦς
892 2401 1013 2465 παρά
1049 2408 1361 2463 Σιμωνίδῃ·

602 2485 916 2545 Τριγλιόχιν
952 2482 1153 2538 ὀϊστός.

194 2572 267 2615 καὶ
301 2564 422 2627 παρά
458 2565 745 2628 Καλλιμάχῳ·

399 2645 644 2707 Τριγλιόχιν
681 2643 801 2707 ὀλοῷ
837 2648 978 2703 νῆσος
1013 2641 1078 2689 ἐπ’
1113 2639 1370 2702 Ἐγκελάδῳ.

194 2727 394 2775 Suaviter
457 2737 583 2792 poeta
637 2724 959 2787 sigmatismum
1016 2721 1206 2770 vitabat:
1272 2717 1414 2781 magis
1465 2733 1680 2765 sonorum
