1826 3080
904 120 1000 169 168

213 258 330 315 XVI,
356 259 396 306 1.
431 259 519 304 Καὶ
553 257 613 311 σὲ,
649 260 938 316 Κλεηνορίδη,
974 255 1120 311 πόθος
1153 253 1286 304 ὤλεσε
1321 262 1531 318 πατρίδος
1561 265 1671 319 αἴης.

342 339 482 385 Versu
521 337 560 383 1.
597 336 855 395 Κλεόδαμον
888 334 1147 384 Brunckius.
1218 336 1286 384 De
1323 340 1495 401 Θεαίρφ
1528 339 1671 388 Thra-

209 418 298 466 ciae
345 416 475 465 fluvio
526 414 820 463 memorabilis
863 426 1000 464 exstat
1043 415 1164 464 locus
1205 416 1419 465 Herodoti
1452 417 1672 478 IV‚“-v90.‚

209 497 278 544 cui
316 498 481 556 Τέαρος
514 507 650 543 sonat.
753 498 798 542 3.
831 491 1042 541 κλεεννὸν
1081 493 1173 542 Pal.
1224 495 1317 544 Nos
1363 515 1470 545 cum·
1495 497 1674 548 Rei-fio

207 573 401 621 κλεεινόν
425 574 594 622 dialecti
623 573 763 638 gratia
792 574 1059 640 scripsimus,
1090 592 1202 640 quae
1223 586 1287 623 est
1312 575 1473 624 Ionica.
1507 578 1674 638 Abffiq'-

205 653 282 714 τῆς
314 652 412 708 υἱός
444 654 502 701 ob
538 652 810 701 nobilitatem
854 652 940 702 dici
973 652 1164 712 videtur,
1211 672 1302 703 non
1335 667 1517 723 propter
1547 655 1672 706 helli-

206 755 300 784 cam
334 736 563 791 virtutem,
599 753 635 780 v.
672 731 900 782 Welcker.
936 732 1134 797 Theogn.
1169 732 1372 800 Prolegg.
1405 752 1448 802 p.
1469 736 1671 785 XXXVI.

808 970 818 981 ε
835 927 1039 964 eLxxvn.

337 1052 469 1100 Anth.
504 1051 597 1100 Pal.
633 1051 736 1108 VII,
771 1053 883 1099 302.
935 1053 1279 1109 Σιμωνίδου·
1313 1055 1376 1106 εἰς
1408 1051 1670 1101 Νικόδιιιον·

306 1136 407 1178 Τῶν
440 1130 583 1177 αὑτοῦ
614 1149 678 1184 τις
711 1132 893 1184 ἕκαστος
926 1123 1249 1188 ἀπολλυμένων
1284 1128 1476 1177 οἷνιᾶται·

402 1209 644 1257 Νικόδικον
679 1210 726 1255 δὲ
761 1213 886 1268 φίλοι
917 1212 990 1255 καὶ
1025 1208 1152 1263 πόλις
1183 1204 1263 1267 ἥδε
1295 1216 1438 1256 ποθεῖ.

337 1293 477 1337 Versu
515 1289 555 1336 1.
593 1287 746 1335 Αὐτοῦ
780 1287 870 1336 Pal.
911 1290 1006 1336 Urs.
1043 1287 1184 1334 αὑτοῦ
1218 1287 1366 1346 Plan.v
1448 1292 1492 1336 2.
1527 1294 1676 1336 Ποθεῑ

201 1370 475 1436 scripsimus:
521 1368 612 1415 Pal.
650 1387 675 1415 a
709 1386 845 1416 manu
879 1367 1023 1433 prima
1058 1366 1225 1426 πολλή,
1270 1367 1327 1415 ab
1370 1367 1505 1416 altera
1540 1365 1670 1427 πόλη,

200 1449 318 1498 unde
365 1467 465 1496 cum
509 1447 724 1495 Salmasio
771 1446 1021 1495 Iacobsius:
1069 1450 1330 1494 Νικοδίκου
1372 1447 1421 1492 δὲ
1465 1465 1511 1506 φ.
1548 1465 1602 1493 ιιι
1624 1464 1668 1494 π.

199 1526 275 1587 ἥδε
319 1536 367 1575 H
374 1527 492 1586 όλη,
538 1545 650 1593 quae
695 1539 759 1576 est
800 1527 949 1575 civitas
984 1526 1166 1584 Istriae‚·
1206 1525 1301 1574 aliis
1342 1525 1408 1574 vel
1441 1524 1572 1574 Πόλα
1602 1525 1677 1576 vel‘

200 1607 344 1654 Πόλαι
385 1606 626 1673 appellata,
674 1625 710 1652 v.
754 1605 1008 1654 Callimachi
1052 1606 1123 1653 Fr.
1169 1605 1280 1654 CIV.
1350 1605 1479 1669 Quae
1522 1621 1669 1656 emen—

200 1686 319 1734 datio
354 1685 419 1733 vel
453 1685 553 1732 ideo
587 1702 789 1750 perversa
824 1697 910 1742 est,
954 1683 1076 1750 quod
1110 1682 1238 1739 πόλις
1268 1680 1349 1743 ἥδε
1384 1684 1555 1748 adjecto
1587 1703 1671 1733 no-¹

199 1766 315 1813 mine
350 1765 447 1830 ipso
480 1763 604 1812 urbis
640 1763 725 1811 dici
759 1783 851 1812 non
884 1764 1037 1831 potuit.
1082 1762 1228 1812 Sensit
1260 1762 1412 1811 vitium
1432 1761 1669 1822 Planudes,

199 1846 273 1911 qui
309 1844 353 1892 in
389 1842 536 1892 sedem
576 1843 666 1890 vitii
700 1842 873 1891 reduxit
906 1843 1083 1891 vitium:
1119 1842 1246 1896 πόλις
1267 1839 1345 1901 ἥδε
1366 1841 1496 1903 nagia.
1532 1841 1669 1909 Apud

199 1924 409 1972 Ursinum
445 1941 594 1971 versus
630 1921 737 1970 alter
772 1922 830 1969 ita
865 1923 1054 1989 scriptus
1088 1933 1176 1970 est:
1211 1919 1469 1981 Νικόδημον
1503 1922 1564 1978 δὲ,
1598 1925 1668 1982 φί-

199 2011 292 2060 λοι,
327 2006 399 2050 nal
433 2002 561 2057 πόλις
591 1998 671 2061 ἥδε
704 2000 837 2048 κλάει.

819 2149 1041 2186 CLXXVIII.

335 2239 466 2287 Anth.
504 2238 596 2286 Pal.
632 2239 735 2297 VII,
773 2240 879 2288 105.
931 2242 1274 2298 Σιμωνίδου·

268 2325 418 2378 Χαίρει
450 2337 535 2374 τις,
572 2317 806 2377 Θεόδωρος
839 2321 933 2366 ἐπεὶ
965 2317 1133 2365 θάνον·
1167 2316 1302 2373 ἄλλος
1335 2317 1400 2365 ἐπ’
1435 2317 1558 2382 αὐτῷ

364 2396 581 2457 χαιρήσει·
619 2397 799 2461 θανάτῳ
836 2398 995 2452 πάντες
1030 2396 1313 2457 ὄφειλόμεθα.

332 2479 473 2525 Versu
515 2477 553 2524 1.
590 2481 655 2531 τίς
686 2477 776 2526 Pal.
832 2478 1033 2527 Fortasse
1062 2477 1348 2544 Epigramma
1382 2475 1597 2542 joculare5
1618 2486 1668 2524 ut

199 2556 311 2603 infra
347 2555 496 2622 Epigr.
534 2555 812 2605 CLXXXVI.
870 2557 1132 2606 Theodorus
1166 2575 1329 2606 nomen
1364 2555 1557 2605 defuncti
1580 2565 1667 2611 est,

198 2637 318 2700 quod
360 2635 795 2685 commemorandum
846 2649 948 2686 erat.
1029 2637 1256 2686 Iacobsius
1307 2654 1400 2684 non
1448 2644 1564 2683 reete
1604 2651 1669 2687 τις

200 2714 434 2772 Θεόδωρος
467 2715 620 2780 jungit.
