1826 3080
895 137 990 183 162

202 271 252 319 τὸ
289 276 466 331 πλῆθος
500 268 625 326 ὄντες
657 272 717 316 ἐν
749 276 868 323 τοῖς
900 270 1187 323 ἐπιπέδοις
1217 271 1435 329 μᾶλλον
1479 270 1678 328 ἐστρατο-

203 351 468 407 πεδεύοντο,
512 349 733 398 Plutarch.
775 347 957 396 Aristid.
992 346 1147 406 XIV..
1183 364 1375 414 'iocum
1408 346 1554 414 plane:
1573 367 1679 398 oon-

204 432 318 480 venit
369 430 597 479 Herodoto
639 429 725 484 IX,
768 428 837 476 20
877 445 997 493 sqq.,
1042 425 1244 475 Diodoro
1277 426 1371 485 XI,-
1401 427 1526 477 302¹
1550 427 1679 477 :Dum

205 529 354 577 pugna
390 508 674 575 pugnabatur
706 505 1000 564 Plataeensis‚
1045 506 1159 555 circa
1194 507 1418 555 Heraeum
1458 523 1562 555 cum
1594 505 1677 555 Co-

204 589 377 638 rinthiis
428 589 622 636 aberant.
698 586 816 633 Tum
869 596 971 651 post
1016 603 1216 651 pugnam
1270 585 1437 652 equites
1479 583 1682 634 Thebani

207 669 441 717 Medorum
485 678 649 732 partes
672 665 808 714 secuti
850 665 1133 745 Megarenses
1175 675 1218 712 et
1257 662 1476 729 Phliaffos
1517 663 1684 730 equites

206 747 350 796 adorti
397 745 715 806 κατεστόρεσαν
758 742 909 791 αὐτῶν
952 745 1233 802 ἑξακοσίους,
1277 761 1387 798 τους
1418 743 1467 791 δε
1499 741 1688 797 λοοκους

207 827 456 887 κατήραξαν
492 824 727 878 διώκοντες
769 826 814 878 ἐς
858 821 939 870 τόν
979 824 1260 881 Κιθαιρῶνα.
1331 819 1470 871 Οὗτοι
1509 824 1593 882 μὲν
1620 821 1686 880 δὴ

209 909 257 952 ἐν
293 905 445 952 οὐδενὶ
479 903 595 966 λόγῳ
631 902 892 958 ἀπώλοντο,
929 902 1093 951 Herod.
1128 903 1215 960 IX,
1258 904 1334 950 69.
1405 901 1687 969 queliuntur

208 987 292 1042 IX,
326 986 406 1034 85.
457 985 551 1031 Hos
586 1012 655 1020 ——-
688 984 738 1030 ἐν
773 980 924 1029 οὐδενὶ
956 979 1074 1044 λόγῳ
1110 979 1421 1040 ἀπολομένους
1453 1011 1515 1020 -
1550 981 1688 1047 signi—

210 1065 330 1112 ficari
375 1063 432 1111 ab
477 1061 708 1111 Simonide
749 1061 872 1109 haud
916 1072 1031 1109 recte
1083 1060 1230 1109 statuit
1274 1060 1516 1111 Muellerus
1556 1062 1687 1110 Dore.

212 1143 287 1200 ll,
322 1162 363 1209 p.
401 1142 510 1190 510.
575 1141 629 1188 Id
665 1140 856 1189 dedecus
892 1139 1047 1188 callide
1079 1152 1209 1206 poeta
1242 1140 1439 1205 tegebat,
1472 1158 1556 1188 nec
1586 1138 1690 1188 Pta-

213 1236 329 1271 taeas
374 1232 544 1287 poterat
587 1221 838 1268 nominare:
887 1218 1058 1267 locutus
1104 1219 1241 1284 igitur
1271 1219 1332 1267 ita
1367 1230 1457 1276 est,
1496 1230 1547 1266 ut
1578 1237 1690 1284 quos

214 1303 312 1368 quis
347 1300 493 1357 vellet,
529 1312 677 1366 posset
709 1299 961 1363 intelligere.
1099 1300 1143 1346 9.
1182 1299 1260 1345 10.
1303 1298 1355 1345 ln
1392 1297 1460 1345 his
1495 1297 1692 1346 versibus

213 1379 493 1429 restituendis
545 1379 676 1445 plane
729 1378 987 1427 recessimus
1042 1396 1067 1424 a
1118 1376 1370 1434 Boeckhio‚
1427 1375 1505 1441 qui
1531 1404 1533 1406 ·
1556 1375 1694 1425 edidit

216 1462 322 1508 haec
358 1460 438 1507 ita:

284 1541 427 1587 ’onol
464 1537 500 1584 δ’
538 1535 646 1597 ἄμμι
684 1536 872 1601 [πόρον]
908 1537 1040 1596 γέρας
1072 1533 1260 1597 ὀμφαλῷ
1299 1533 1414 1594 ἀμφὶ
1446 1532 1628 1593 πόληος,

387 1620 547 1664 νικέων
580 1615 806 1675 ἡμετέρων
840 1613 1107 1661 ἀλλοδαπῶν
1140 1613 1243 1673 παρ’
1279 1610 1415 1674 ὅρων.

224 1700 275 1746 At
313 1716 456 1762 neque
489 1695 590 1742 τόδε
634 1694 786 1742 abesse
829 1693 920 1740 ullo
966 1704 1095 1759 pacto
1130 1704 1294 1758 potest,
1339 1704 1382 1741 et
1415 1692 1524 1740 haec
1557 1707 1695 1757 oppo-

220 1778 318 1826 sitio
370 1773 565 1824 umbilici
611 1772 792 1820 civitatis
838 1783 879 1820 et
921 1771 1201 1820 victoriarum
1246 1770 1304 1819 ab
1350 1770 1502 1819 alienis
1534 1768 1699 1819 finibus

223 1866 544 1920 reportatarum
582 1852 780 1917 argutior
813 1863 897 1907 est,
933 1869 1066 1916 quam
1101 1869 1214 1916 quae
1248 1849 1490 1899 Simonidis
1524 1866 1699 1899 censen-

223 1948 316 1992 tur,
361 1945 402 1981 et
435 1953 499 1980 vv.
534 1934 696 1979 νικέων
729 1930 954 1991 ἡμετέρων
1000 1930 1172 1978 dialecti
1206 1929 1386 1978 nomine
1417 1946 1553 1996 pram
1585 1939 1701 1977 sunt.

223 2036 259 2062 v.
297 2013 484 2062 l’raefat.
530 2012 704 2078 Epigrr.
753 2030 795 2077 p.
848 2010 957 2058 140.
1042 2010 1243 2075 Denique
1275 2008 1407 2075 plane
1439 2007 1522 2056 alia
1557 2008 1702 2056 mnni-

226 2095 331 2141 feste
367 2092 540 2141 exhibet
574 2090 709 2157 lapis,
753 2108 865 2155 quae
906 2089 1022 2136 viam
1059 2099 1329 2137 monstrante
1362 2087 1571 2154 Emperio
1602 2085 1700 2136 feli-

227 2174 332 2220 citer
367 2172 571 2220 eruimus.
642 2170 721 2218 Est
755 2181 899 2217 autem
933 2168 993 2216 ita
1029 2168 1119 2216 fere
1153 2167 1367 2235 scriptum
1400 2167 1446 2215 in
1480 2165 1650 2234 lapide:

313 2249 1553 2298 ACTOIAEAMMITOAEPEPACOMQAARAAQI
1582 2250 1598 2289 1
1618 2249 1631 2287 Ι

355 2324 980 2384 -ΝΕΙΟΕΦΝΕΟΊῸΡΟΝ
995 2333 1054 2378 Α
1062 2325 1554 2382 ΑοΔοΚαΝυοΡα
1671 2354 1675 2366 .,

230 2407 459 2468 Ὀμφαλὸν
495 2407 663 2467 πόληος
696 2409 861 2457 curiam
898 2407 1024 2464 dicit,
1073 2424 1184 2472 quae
1220 2406 1303 2454 fuit
1335 2405 1380 2454 in
1418 2404 1516 2453 foro
1550 2403 1704 2468 Mep-

234 2490 450 2545 rensium‚
498 2499 541 2534 ut
589 2487 633 2535 in
682 2487 1015 2549 Atheniensium
1062 2484 1230 2532 εὐκλεεῖ
1262 2484 1406 2547 ἀγορᾷ
1441 2483 1523 2532 fuit
1555 2479 1707 2535 ἄστεος

234 2566 439 2628 ’ἷμφαλὸς
480 2566 655 2625 θυόεις,
704 2587 791 2633 quo
842 2586 916 2616 ara
960 2565 1193 2614 duodecim
1229 2566 1423 2614 Deorum
1469 2558 1707 2626 significari

234 2649 426 2704 videtur,
482 2667 517 2694 v.
564 2646 743 2695 Pindar.
791 2647 964 2714 Dithyr.
1019 2646 1088 2692 Fr.
1134 2645 1222 2700 111,
1271 2647 1315 2693 3.
1383 2643 1451 2692 De
1500 2658 1709 2689 mensura

238 2728 413 2777 alterius
469 2726 664 2795 syllabae
722 2727 766 2774 in
822 2747 857 2774 v.
912 2724 1011 2773 τόδε
1064 2724 1254 2772 diximus
1301 2720 1486 2770 Praefat.
1535 2719 1706 2786 Epign.
