1826 3080
876 116 925 150 Vl

160 240 318 290 obierit
351 239 539 306 publica
583 240 859 297 auctoritate,
906 238 1023 286 hanc
1051 249 1205 287 tamen
1235 237 1497 287 sententiam
1515 255 1638 287 «cona

160 319 350 369 siderata
383 319 620 373 universae*
644 317 913 385 antiquitatis
936 366 939 369 ,
960 317 1072 369 ratio
1090 333 1222 383 «prae
1263 316 1398 366 altera
1432 317 1640 384 opinione

159 398 390 463 insigniter
424 396 728 447 commendat:
765 395 881 444 velut
915 395 1036 463 apud
1058 394 1347 447 Athenienses
1381 414 1640 462 gens2saera

158 479 441 546 Butyporum
484 496 562 525 seu
607 475 988 528 Thaulonidarum
1029 475 1313 525 hereditario·
1332 476 1439 541 vjure
1481 475 1640 526 horem

161 557 220 605 ad
264 575 387 605 aram
421 557 542 605 Jovis
577 555 715 604 Poliei
749 555 890 605 securi
929 555 1265 622 percutiebant..
1324 554 1641 624 Bacchylidem

161 647 365 701 nepotem
396 635 623 684 Bacchicis
658 635 794 684 sacris
825 634 1110 700 conjunctum
1144 633 1212 683 vel
1247 633 1480 701 appellatio
1513 652 1643 702 prae-

162 714 292 763 dicat.
1474 747 1477 755 ,

294 795 355 840 Ut
388 791 530 842 Iulide
564 793 781 851 Bacchus,
814 794 876 842 ita
911 792 1032 860 apud
1071 792 1385 843 Carthaeenses
1419 791 1645 843 colebatur

162 868 323 938 Apollo
359 877 512 937 (quem
548 891 724 920 summo
759 872 927 921 honore
963 884 1004 921 et
1038 871 1160 938 apud
1192 870 1384 938 reliquos
1418 871 1531 921 Ceos
1564 870 1645 921 ha-

162 952 304 1000 bitum
352 951 576 1009 novimus,
619 950 816 1000 Mueller.
865 952 995 999 Dorr.
1033 951 1084 1009 I,
1123 969 1167 1017 p.
1205 951 1340 1018 363.)
1383 962 1427 1001 et
1458 949 1648 1000 Aristaei

163 1031 446 1095 cognomine,
499 1049 630 1095 quem
674 1030 974 1080 vetustissimis
1020 1029 1096 1078 Cei
1138 1029 1308 1079 insulae
1351 1029 1518 1081 colonis
1557 1030 1648 1079 Lo-

165 1110 391 1158 crensibus
418 1109 611 1158 vindicat
628 1110 888 1167 BoeckhiuS‚
924 1121 966 1157 et
992 1107 1194 1177 Pythius,
1221 1127 1353 1174 quem
1373 1108 1431 1157 ab
1458 1107 1646 1158 Atheni-

164 1189 343 1237 ensibus
379 1188 544 1236 colonis
579 1188 637 1236 ad
670 1188 795 1236 illum
839 1188 1097 1253 adjunctum
1131 1187 1265 1236 fuisse
1306 1198 1647 1236 consentaneum

166 1281 239 1317 est.
298 1268 380 1316 Cui
416 1267 498 1315 deo
534 1267 691 1317 choros
724 1268 771 1315 in
806 1268 917 1317 festo
952 1268 1216 1337 Pythiorum
1251 1278 1372 1315 actos
1406 1266 1535 1316 docet
1565 1265 1647 1315 Ni-

167 1348 330 1396 cander
365 1346 665 1412 Colophonius
701 1347 822 1414 apud
856 1347 1068 1397 Antonin.
1102 1346 1249 1402 Liber.
1297 1347 1338 1394 1.
1413 1342 1650 1405 Κτήσυλλα

166 1429 335 1486 ἐγένετο
371 1430 481 1473 Κεία
515 1423 566 1471 τό
598 1425 729 1484 γένος
763 1429 809 1482 ἐξ
843 1426 1085 1483 Ἰουλίδος,
1130 1424 1475 1485 Ἀλκιδάμαντος
1511 1422 1652 1484 θυγά-

163 1526 267 1567 τηρ.
323 1505 489 1564 ταύτην
533 1503 642 1554 ἰδών
684 1505 962 1567 Ἐρμοχοὶρης
1002 1506 1242 1564 Ἀθηναῖος
1283 1503 1651 1564 χορεύουσαν

164 1590 417 1638 Πυθίοις
461 1583 611 1643 παροέ
655 1582 757 1631 τόν
800 1583 995 1646 βωμόν
1038 1588 1141 1632 τοῦ
1185 1583 1552 1651 Ἀπόλλωνος
1591 1584 1653 1629 ἐν

165 1666 455 1723 Καρθαίᾳ,
492 1662 769 1722 ἐπἐθύμησεν
804 1664 952 1724 αὐτῆς.
1015 1662 1279 1730 Cujusmodi
1314 1661 1472 1711 choros
1507 1659 1648 1727 Apol-

166 1743 243 1790 lini
280 1742 476 1806 agcndos
511 1742 806 1792 instituentem
843 1743 1042 1792 videmus
1077 1741 1354 1792 Simonidem
1389 1739 1511 1808 apud
1533 1739 1650 1789 Cha-

166 1821 453 1870 maeleontem
500 1820 603 1868 Ath.
648 1824 714 1880 X,
760 1841 802 1889 p.
849 1823 976 1882 456,
1019 1824 1069 1872 E.
1150 1825 1332 1882 Λέγεται
1364 1823 1415 1869 ἐν
1446 1824 1498 1882 τῇ
1533 1827 1653 1881 Καρ-

166 1906 276 1962 θαίᾳ
310 1904 589 1959 διατρίβοντα
623 1901 763 1949 αὐτόν
798 1902 1019 1950 διδάσκειν
1061 1899 1169 1957 τούς
1213 1899 1404 1962 χορούς.
1445 1900 1561 1947 εἶναι
1602 1900 1651 1947 δὲ

164 1978 216 2025 τό
250 1988 485 2039 χορηγεῖον
520 1977 614 2027 ἅνω
662 1980 776 2042 πρὸς
808 1982 1094 2036 ’Λπόλλωνος
1126 1984 1232 2044 ἱερῷ
1276 1979 1333 2027 οὐ
1365 1977 1540 2040 modu
1572 1982 1654 2039 τῆς

165 2058 406 2117 θαλάσσης.
489 2059 556 2108 De
601 2079 691 2126 quo
734 2066 950 2124 χορηγείῳ
995 2060 1176 2109 uberius
1211 2059 1418 2108 disseruit
1446 2058 1654 2108 Broend-

166 2138 333 2186 stedius
381 2139 593 2189 Itinerum
643 2140 687 2187 in
733 2142 888 2190 Graec.
933 2141 984 2188 T.
1022 2139 1057 2188 Ι.
1102 2138 1362 2205 Appendice
1398 2138 1530 2197 VIII,
1574 2138 1653 2205 qui

167 2229 266 2264 ante
308 2237 456 2266 vocem
502 2217 675 2279 μακροὶν
718 2221 995 2285 negationem
1039 2217 1321 2268 inserendam
1366 2236 1418 2266 ex
1458 2217 1545 2267 situ
1586 2215 1654 2266 lo-

167 2315 317 2343 corum
370 2297 530 2346 docuit.
616 2299 695 2346 Cui
746 2300 944 2348 instituto
993 2298 1106 2348 Ceae
1152 2297 1297 2364 poesis
1331 2296 1495 2365 lyricae
1527 2295 1653 2346 initia

167 2387 207 2422 et
248 2375 542 2426 celebritatem
586 2378 757 2437 deberi,
805 2377 1026 2445 perspexit
1069 2376 1317 2425 Boeckhius
1367 2376 1427 2428 in.
1457 2376 1655 2424 Cenem

167 2455 311 2518 operis
345 2457 733 2514 Broendstediani‚
784 2477 896 2523 quae
942 2457 1103 2522 legitur
1135 2456 1183 2504 in
1218 2455 1469 2504 Annalibus
1502 2453 1652 2503 Litter-

167 2533 358 2581 Berolin.
400 2535 551 2592 1827,
586 2537 617 2583 Ι.
653 2554 694 2601 p.
732 2538 798 2584 28
831 2556 950 2603 sqq.;
1002 2536 1344 2602 disputationem
1380 2532 1653 2583 confirmavit

169 2612 212 2658 in
251 2613 379 2678 Coi-p.
416 2615 573 2663 Inscrr.
613 2614 686 2670 11,
729 2633 771 2680 p.
807 2619 919 2664 290.
1002 2616 1203 2665 Primum
1238 2615 1351 2664 illud
1384 2633 1466 2683 pro
1501 2611 1651 2680 explo-

169 2702 265 2739 rato
299 2692 552 2742 habendum
598 2706 684 2752 est,
730 2705 863 2743 artem
909 2694 1120 2761 poeticam
1157 2694 1278 2761 apud
1314 2695 1506 2743 Graecos
1547 2710 1649 2741 cun
