1826 3080
876 108 970 158 143

1342 163 1370 183 N

188 245 399 296 Ill-icam
428 244 712 311 lonicamque
745 245 938 294 formam
973 246 1163 295 sociasse
1196 244 1371 294 videtur
1403 247 1569 299 vitandi
1604 246 1671 295 in·-

189 325 305 392 ιηιί
338 325 438 374 soni
471 338 649 383 mussa,
682 336 733 373 ut
768 324 907 383 CCII,
940 326 986 374 4.
1023 325 1068 374 ἰιι
1104 324 1229 374 libris
1262 337 1346 374 est:

227 422 229 424 ·
388 402 600 461 Εὐδόξου
634 399 795 460 Νίὶιας
827 403 997 464 ἀγλαόν
1031 402 1134 465 ἅρμ’
1168 406 1356 465 ἐπέβης.

189 482 280 534 cst.
314 483 445 534 dieta
467 483 528 534 ad
560 484 714 551 Epigr.
750 485 917 542 CLIX,
960 489 1005 534 2.
1078 484 1309 533 Interdum
1349 483 1534 533 uomina
1568 501 1668 550 pro-

187 563 286 632 pfl·
329 579 515 614 nomae
561 564 848 622 obnituntur,
896 577 946 613 ut
986 565 1163 632 Epigrr.
1207 564 1398 621 CCXV,
1431 562 1477 613 4.
1529 561 1675 623 'Aous-

189 647 317 701 ὤας
342 654 413 694 est
442 644 491 693 iu
525 645 721 694 carmine
754 644 918 693 lonico.
1000 644 1055 692 In
1089 643 1143 692 iis
1186 643 1404 693 librorum
1438 643 1674 692 auctorita-

189 734 278 774 te?-
308 722 448 774 becmi
482 740 651 774 sumus.

235 803 242 807 ’
325 802 383 853 Ῑιι
416 803 723 854 constituenda
757 805 974 873 scriptura
1010 804 1396 872 Epigrammatum
1444 801 1560 851 hanc
1593 818 1674 850 uo-

190 884 261 934 bis
299 883 557 952 ecripsimus
604 884 767 951 legem,
814 897 864 933 ut
905 903 1018 951 quae
1062 883 1120 932 ab
1165 883 1345 932 vetustis
1386 881 1677 949 scriptoribus

189 962 320 1014 allata
353 975 520 1022 essent,
562 966 610 1013 iu
651 965 706 1014 iis
740 964 1044 1014 Palatinarum
1080 954 1473 1021 membranarum,
1513 963 1677 1030 quihus

186 1042 399 1112 fietque
431 1043 670 1102 debemus,
711 1043 918 1093 lectiones
954 1043 1345 1111 posthaberemus,
1393 1044 1564 1093 etiamsi
1598 1063 1678 1111 per

184 1139 235 1173 σε
265 1133 487 1192 spectatae
519 1123 627 1172 ferri
662 1135 866 1190 possent:
912 1124 1153 1173 earundem
1191 1136 1337 1173 tamen
1372 1124 1678 1172 auctoritatem

186 1213 342 1252 confi-a
377 1214 552 1283 apertas
585 1202 944 1271 interpolationes
978 1202 1233 1252 Planudeae
1267 1215 1503 1252 tueremur.
1562 1204 1675 1251 Nam

185 1293 238 1332 ut
277 1275 503 1332 interdum
547 1301 701 1331 verum
758 1283 918 1332 viderit
962 1283 1186 1332 Planudes
1230 1311 1295 1319 —
1341 1281 1459 1331 velut
1501 1282 1676 1349 Epigrr.

188 1360 327 1421 CLV,
365 1363 406 1411 1.
442 1362 679 1420 CLXXV,
717 1363 759 1411 1.
796 1362 1025 1429 aliisque
1013 1382 1060 1411 m
1097 1363 1217 1422 locis,
1259 1361 1338 1411 ubi
1371 1374 1501 1430 turpe
1535 1362 1679 1410 fuerat

187 1439 280 1491 labi
314 1468 407 1500 --,
455 1440 679 1508 plerisque
721 1442 768 1490 in
811 1442 919 1491 locis
963 1442 1214 1490 Palatinum
1259 1441 1534 1509 depravavit,
1587 1442 1679 1490 sive

186 1521 334 1614 ipsum
369 1519 566 1571 codicem
601 1520 726 1571 illum
762 1522 822 1570 ob
857 1521 1009 1571 oculos
1044 1522 1214 1581 habuit,
1248 1522 1297 1570 id
1332 1521 1455 1589 quod
1473 1520 1676 1570 Paulsse-

185 1598 276 1650 nio
306 1599 354 1649 in
398 1599 493 1650 dies
535 1618 642 1650 vero
683 1600 871 1650 similius
908 1601 1165 1659 videbatur,
1208 1602 1324 1659 sive,
1373 1601 1495 1667 quod
1529 1601 1678 1667 potius

185 1678 475 1738 crediderim,
518 1679 647 1729 valde
694 1680 881 1729 similem
916 1680 1104 1740 librum,
1149 1682 1228 1730 sed
1271 1680 1515 1748 pleniorem
1551 1680 1675 1729 illum

183 1759 426 1828 -urpavit
490 1759 755 1827 Exemplum
790 1761 869 1818 sit,
903 1783 972 1799 ·---
1004 1780 1061 1810 ne
1096 1760 1206 1828 quid
1242 1761 1298 1810 de
1330 1761 1518 1810 dialecto
1555 1760 1676 1809 dica-

184 1856 311 1898 mus,
350 1839 399 1888 in
443 1833 554 1906 qua‘
574 1857 659 1906 pro
702 1839 843 1888 lubitu
878 1841 1156 1890 immutanda
1190 1840 1319 1890 valde
1353 1852 1578 1906 grassatus
1613 1852 1677 1889 est

184 1934 258 1959 ¹¹—-
285 1916 412 1986 quod
461 1931 695 1985 corruptae
738 1918 928 1968 Palatini
972 1920 1136 1970 codicis
1171 1921 1416 1987 scripturae
1450 1919 1596 1979 πολλή
1630 1921 1674 1968 in

189 1994 340 2067 flp‘igr.
387 1998 659 2057 CLXXVII,
702 2003 747 2048 2.
790 1999 1015 2049 substituit
1056 2000 1105 2049 id
1148 2019 1238 2067 quo
1281 2018 1432 2049 versus
1472 2018 1675 2067 pessum-

188 2074 336 2136 datur,
363 2075 501 2141 ιλᾴει.
553 2076 879 2144 Anthologiam·
905 2091 1051 2129 autem
1084 2079 1333 2130 Palatinam
1370 2099 1397 2129 a
1434 2079 1674 2128 Gramma-

189 2156 285 2207 ticis
314 2156 578 2207 recensitam
614 2175 708 2208 esse
754 2169 797 2208 et
837 2178 929 2208 nou
964 2178 1069 2208 raro
1102 2159 1162 2208 ad
1195 2158 1428 2209 arbitrium
1463 2158 1675 2215 relictam,

187 2235 237 2286 id
270 2235 515 2286 luculenter
546 2235 751 2286 videmur
782 2237 914 2287 nobis
948 2238 1273 2288 demonstrasse
1318 2250 1362 2288 et
1395 2238 1491 2288 aliis
1526 2239 1573 2287 in
1608 2238 1674 2287 lo·

187 2316 252 2365 cis
285 2326 329 2365 et
357 2316 510 2385 Epigr.
546 2317 752 2366 CXCIX.
835 2319 951 2368 Hinc
988 2318 1151 2368 sactum
1187 2330 1277 2378 est,
1323 2330 1374 2368 ut
1407 2338 1433 2367 a
1470 2318 1675 2367 lacobsio

190 2394 492 2445 Palatinarum
527 2397 873 2465 scripturarum,
907 2411 956 2448 ut
989 2417 1074 2467 par
1106 2410 1201 2448 erat
1233 2399 1280 2448 in
1315 2397 1510 2447 editione
1543 2396 1674 2446 Pala-

187 2475 328 2533 tinae,
374 2475 589 2526 acerrimo
629 2477 824 2535 vindice,
871 2498 907 2525 v.
942 2478 1133 2528 Praefat.
1166 2477 1300 2527 Amh.
1346 2476 1437 2526 Pal.
1473 2478 1602 2526 Tom.
1641 2478 1674 2534 1,

186 2573 229 2622 p.
263 2555 444 2615 Lxlv„
476 2555 609 2624 plane
642 2556 966 2607 desciverimus.

322 2635 658 2703 Epigrammata
693 2631 717 2687 a
754 2638 903 2688 multis
938 2639 1154 2708 variisque
1189 2639 1448 2689 hominibus
1482 2638 1672 2706 antiqui-

188 2725 259 2766 tus
292 2714 471 2767 collecta
507 2717 667 2785 partim
703 2718 903 2769 omnium
939 2738 1015 2770 ore
1052 2720 1152 2771 trita
1189 2721 1333 2770 varias
1366 2719 1540 2770 subisse
1573 2738 1674 2768 mu-
1739 2725 1756 2738 ⁶
