1826 3080
903 67 1007 101 XXX

227 209 318 239 esse
352 188 637 254 suspicemur,
672 205 807 252 quum
843 198 887 236 et
909 187 1162 236 Hellanicus
1197 200 1240 237 et
1259 189 1477 255 Ephorus,
1509 192 1693 259 scripto.

225 289 294 318 res
322 287 484 325 rerum,
510 266 674 314 Naxios
700 278 910 314 testentur
934 285 1008 315 sex
1034 265 1101 315 vel
1134 267 1327 334 quinque
1347 267 1532 319 navibus
1552 271 1692 320 Grae·

225 350 285 398 cis
321 346 568 403 auxiliatos,
601 344 713 392 Plut.
749 345 774 392 l.
811 363 844 392 c.
879 363 921 411 p.
957 346 1078 403 868,
1111 345 1161 393 Ε.

355 428 590 474 Poetarum
637 443 770 489 opera
813 442 949 490 quum
992 443 1100 473 auro
1145 425 1303 474 redimi
1344 425 1561 485 solerent,
1588 444 1693 477 non

223 505 475 555 mirandum
524 515 611 560 est,
666 515 818 569 poetas
862 504 1045 552 invicem
1097 503 1336 553 aemulatos
1377 523 1480 554 esse.
1551 504 1694 570 Quid

224 586 344 652 quod
380 585 467 649 jam
494 581 726 653 Hesiodus·
748 594 798 630 ut
825 585 1013 643 κεραμέα
1046 590 1234 643 κεραμεῖ,
1268 584 1329 632 ita
1363 584 1500 647 ἀοιδῷ
1536 582 1694 633 ἀοιδὸν

222 664 415 713 invidere
450 661 650 710 affirmat.
721 661 982 726 Augebatur
1013 662 1230 710 contentio
1265 662 1575 711 certaminibus
1608 681 1708 729 pu·-

220 743 367 799 blicis,
412 753 462 789 ut
505 740 613 789 alter
645 739 829 788 alterum
865 740 1110 806 deprimere
1142 738 1347 790 studeret.
1430 741 1563 791 Cum
1576 742 1693 791 Laso

221 820 494 870 contendisse
537 819 809 867 Simonidem
862 838 998 885 supra
1051 820 1262 868 diximus:
1315 820 1540 887 quomodo
1591 831 1714 871 cum'

218 899 466 948 Pindaro
501 898 665 955 vixerit,
700 881 870 963 aequali
904 910 1010 946 natu
1045 899 1249 957 minore,
1261 911 1458 966 superest
1480 911 1531 949 ut
1553 898 1693 966 dispi-

219 978 423 1028 ciendum
458 977 526 1025 sit.
591 976 824 1034 Pindarus,
860 977 935 1042 qui
971 977 1027 1024 ab
1063 977 1291 1026 Simonide
1323 978 1569 1028 institutum
1602 991 1692 1027 tra—

219 1056 446 1113 diderunt,
481 1054 681 1122 (tradunt
716 1066 860 1103 autem
894 1055 996 1103 Vita
1029 1056 1158 1104 Pind.
1193 1075 1235 1122 p.
1271 1059 1314 1104 5.
1348 1057 1537 1107 Boeckh.
1586 1064 1693 1107 Πίν-

217 1140 353 1195 δαρος
395 1131 613 1194 ἀκροατής
655 1136 807 1192 γέγονε
849 1138 1119 1193 Σιμωνίδου.
1172 1135 1368 1183 Eustath.
1413 1137 1622 1203 opusne..
1647 1157 1689 1204 p.

219 1215 308 1272 58,
357 1214 430 1262 17.
476 1211 613 1260 Tafel.
677 1215 765 1258 Καὶ
805 1217 1065 1272 Σιμωνίδου
1105 1211 1293 1272 ἤκουσε,
1349 1215 1564 1277 νει-ἅτερος
1611 1217 1692 1276 μὲν

216 1297 388 1340 ἐκείνου
433 1290 520 1348 ὧν,
564 1291 862 1351 πρεσβύτερος
902 1292 949 1336 δὲ
995 1296 1307 1354 Βακχυλίδου.)
1361 1294 1399 1342 si
1441 1293 1527 1343 hoc
1569 1295 1690 1346 dige-

215 1385 340 1431 runt,
385 1370 569 1419 Pindari
615 1382 754 1417 artem
798 1388 849 1418 ex
891 1368 1146 1418 Simonidea
1188 1370 1311 1436 poesi
1353 1373 1517 1438 cepisse
1549 1373 1691 1423 incre-

215 1463 382 1508 menta,
415 1461 530 1498 recte
564 1448 724 1496 dixisse
757 1448 942 1514 putandi
977 1460 1090 1496 sunt.
1106 1447 1121 1457 ''
1136 1449 1251 1496 Nam
1287 1449 1385 1497 licet
1417 1463 1548 1517 poeta
1573 1452 1691 1502 The-

213 1531 356 1579 banus
404 1547 482 1577 sua
527 1527 595 1575 via
643 1526 884 1582 incederet,
931 1538 1078 1574 tamen
1123 1526 1190 1575 vel
1223 1528 1383 1576 invitus
1418 1529 1634 1579 didicerat
1665 1550 1688 1579 a

214 1606 454 1657 Sinsonide.
534 1604 589 1651 Id
634 1617 778 1653 autem
827 1604 1034 1653 credibile
1080 1604 1273 1663 videtur,
1319 1619 1493 1672 poetam
1538 1609 1690 1667 Ceam,

214 1707 302 1754 quo
345 1697 437 1734 erat
479 1685 649 1741 animo,
691 1702 819 1748 aegre
864 1683 1036 1742 tulisse,
1081 1684 1267 1749 junioris
1302 1685 1462 1734 aemuli
1495 1687 1689 1737 admira-

214 1768 376 1815 tionem
411 1763 496 1812 sibi
531 1763 759 1811 detrahere
793 1763 1043 1811 haerentem
1078 1764 1210 1830 capiti
1243 1782 1343 1813 cum
1378 1764 1517 1814 multa
1557 1765 1689 1816 laude

214 1862 446 1893 coronam:
493 1842 737 1890 Scholiasta
767 1842 896 1890 Pind.
932 1841 1113 1910 Olymp.
1148 1843 1234 1901 IX,
1278 1845 1354 1894 74.
1433 1849 1689 1904 Σιμωνίδης

212 1925 478 1976 ἑλασσωθεὶς
508 1920 601 1968 ὑπὸ
623 1921 858 1981 Πινδάρου
892 1925 1118 1982 λοιδορίας
1150 1924 1312 1982 ἔγραψε
1343 1920 1454 1970 aar&
1485 1926 1569 1971 τοῦ
1597 1929 1688 1983 κρί-

210 2022 370 2056 νοντος
403 2001 587 2059 ἀγαθῶν
621 2002 764 2046 εἰδέον
797 1998 950 2062 (ᾠδῶν
964 2000 1267 2061 Boeckhius.):
1305 2020 1410 2049 nam
1443 2001 1552 2051 haec
1585 2021 1686 2052 vera

211 2101 303 2130 esse
353 2090 556 2146 possunt,
604 2078 702 2127 licet
746 2079 929 2126 Pindari
974 2098 1098 2127 mens
1145 2098 1169 2127 a
1221 2080 1509 2146 vituperando
1556 2092 1686 2148 poeta

211 2159 359 2208 multis
405 2157 530 2205 annis
576 2169 809 2222 antequam
855 2157 927 2206 illa
969 2158 1264 2207 scriberentur
1301 2158 1509 2208 defuncto
1555 2159 1686 2209 fuerit

211 2239 404 2294 alienuS,
450 2257 486 2283 v.
534 2236 605 2285 Fr.
650 2235 731 2283 inc.
769 2236 968 2283 CXXIV.
1037 2239 1173 2285 Vetus
1226 2249 1370 2286 autem
1417 2250 1482 2288 est
1521 2238 1684 2305 opinio,

208 2316 453 2366 Pindarum
489 2314 670 2382 Olymp.
706 2315 772 2372 II,
807 2316 886 2364 86.

408 2470 553 2531 σοφός
589 2470 613 2518 ὁ
648 2470 791 2518 πολλοὶ
825 2470 952 2527 εἰδώς
985 2476 1101 2534 φυᾷ·
1135 2473 1356 2532 μαθόντες
1388 2475 1436 2521 δὲ
1468 2472 1630 2534 λάβροι

274 2555 575 2612 παγγλωσσίᾳ,
610 2550 796 2610 κόρακες
829 2548 911 2607 ὥς,
945 2548 1142 2610 ἄκραντα
1173 2552 1393 2610 γαρύετον

278 2628 388 2683 Διὸς
421 2627 538 2688 πρός
573 2627 735 2688 ὄρνιχα
770 2638 912 2686 θεῖον,
