1826 3080
898 117 961 166 18

322 251 580 300 Simonidea
611 270 636 299 a
665 251 903 300 Platonicis
938 252 1119 301 secrevit
1141 252 1591 317 Schleiermacberum
1625 256 1671 304 in

187 349 396 380 numeros
430 350 534 381 suos
568 331 769 396 redigere
803 343 986 381 conatus
1016 344 1082 381 est
1105 331 1220 380 God.
1243 333 1528 385 Hermamms
1549 334 1672 402 apud

186 410 494 460 Heindorfium
543 429 586 477 p.
635 412 772 468 597.;
825 422 954 460 antea
1000 411 1202 480 Heynius
1248 412 1518 478 periclitatus
1566 425 1672 472 erat,

187 490 312 556 cujus
347 503 410 540 est
445 489 693 538 dissertatio
731 488 921 556 Opuscc.
959 489 1008 549 l,
1040 509 1084 558 p.
1123 492 1232 540 160.
1301 492 1587 543 Hermannus
1623 505 1674 542 ut
1721 533 1730 538 ,

186 582 300 619 recte
334 570 538 636 strophas
576 568 750 627 detexit,
783 569 845 618 ita
879 570 1026 619 minus
1060 582 1176 619 recte
1210 570 1417 635 singulos,
1435 570 1673 638 dispescuit

185 668 335 698 versus
371 649 592 708 carminis,
627 648 750 715 quod
782 648 961 698 Aeolios
995 649 1154 698 modos
1188 649 1397 700 habuisse
1432 650 1673 712 tenendum

186 742 260 778 est.
330 728 428 781 Nos
462 729 668 795 strophas
703 727 908 777 dedimus
954 747 1005 777 ex
1048 728 1340 795 descriptione
1373 730 1587 780 Boeckhii
1619 730 1676 780 de

185 809 313 856 Metr.
337 807 467 856 Pind.
490 807 579 867 Ill,
594 811 672 856 25.
701 827 743 874 p.
765 811 892 866 337„
929 807 1138 874 Epodum
1174 808 1362 857 dimensi
1397 828 1551 858 sumus
1575 810 1672 877 ipsi.

321 890 463 936 Versu
503 888 544 936 1.
599 887 762 937 Suidas
795 886 1077 945 Πιττάκειον,
1113 889 1487 947 μετουσιαστικόν,
1519 887 1572 938 vd
1591 894 1676 937 τοῦ

186 971 429 1015 Πιττακοῦ·
465 970 540 1014 καὶ
563 972 890 1027 Σιμωνίδης
924 972 1055 1026 φησί·
1078 965 1267 1029 ”Ανδρ’
1303 966 1520 1031 ἀγαθόν
1546 967 1676 1016 ἅλα·

185 1049 288 1093 θέα
322 1048 599 1106 γενέσθαι
631 1047 901 1107 χαλεπόν,
936 1045 988 1093 τό
1021 1046 1302 1094 Πιττάκειον.
1351 1052 1495 1108 εἴρηκε
1527 1046 1612 1108 γάρ
1649 1047 1674 1093 ὁ

187 1125 427 1182 Πιττακός·
482 1125 740 1174 Χαλεπὸν
788 1124 1000 1173 ἐσθλόν
1046 1129 1282 1186 ἔμμεναι.
1385 1131 1428 1175 2.
1479 1128 1675 1195 Respicit

186 1206 365 1255 Aristot.
402 1206 543 1255 Ethic.
578 1206 750 1255 Nicom.
789 1206 835 1264 I,
875 1207 960 1264 10,
1012 1207 1085 1254 11.
1168 1209 1256 1253 Καὶ
1284 1204 1363 1261 τοὶς
1394 1204 1533 1265 τύχας
1566 1211 1677 1254 οἴσει

187 1285 394 1332 κάλλιστα
439 1285 463 1332 ὁ
511 1285 736 1344 εὐδαίμων
778 1288 852 1331 καὶ
897 1283 1041 1344 πάντη
1079 1285 1256 1340 πάντως
1288 1286 1482 1344 ἐμμελῶς
1515 1282 1580 1344 ὅγ’
1617 1285 1678 1340 ὥς

187 1363 402 1423 α’γαθὸς
451 1365 678 1424 άληθῶς
733 1368 822 1411 καὶ
879 1364 1233 1425 τετράγωνος
1289 1361 1424 1412 ἄνευ
1479 1348 1674 1424 &tirou

186 1444 365 1492 Rhetor.
402 1444 446 1502 I,
485 1445 558 1492 11.
619 1443 710 1492 Τόν
752 1443 933 1509 άγαθὸν
975 1442 1118 1504 ἄνδρα
1163 1443 1306 1503 φάναι
1347 1444 1462 1491 εἶναι
1493 1445 1678 1505 τετρά-

184 1542 369 1581 γωνον
415 1524 666 1585 μεταφορά·
710 1522 846 1584 ἄμφω
893 1523 977 1584 γάρ
1021 1526 1171 1570 τέλεια.
1250 1523 1462 1572 Similiter
1505 1518 1673 1591 partem

187 1603 347 1651 horum
384 1603 623 1651 verborum
661 1612 879 1670 u‘surpant
898 1604 1087 1670 Sopater
1110 1603 1289 1651 Stobaei
1310 1603 1497 1652 Sermm.
1518 1606 1676 1660 XLIV,

192 1684 289 1740 17.‚
323 1681 485 1730 Julian.
524 1682 668 1731 Caess.
705 1701 746 1749 p.
784 1686 906 1741 333,
942 1684 993 1730 Β.
1045 1695 1086 1731 et
1121 1683 1197 1748 qui
1232 1683 1367 1731 verba
1400 1683 1676 1743 τετράγωνον

188 1759 297 1808 ἄνευ
332 1761 483 1821 ψόγου
525 1774 648 1829 aptat
681 1763 879 1811 Homero
923 1782 1004 1811 suo
1046 1761 1244 1810 Eustath‘.
1282 1761 1329 1809 ll.
1366 1771 1431 1818 A,
1476 1781 1518 1828 p.
1561 1763 1676 1819 475,

186 1842 264 1889 41.
316 1841 541 1891 Omnibus
575 1843 772 1891 numeris
807 1842 1059 1891 absolutum
1096 1860 1194 1889 cum
1230 1840 1414 1890 firmiter
1441 1843 1675 1891 constituto

187 1921 474 1970 commutavit
498 1921 761 1970 Damascius
795 1922 1038 1988 scripturae
1073 1922 1177 1970 vitio
1203 1921 1410 1988 deceptus
1430 1921 1551 1989 apud
1572 1922 1672 1970 Sui-

188 2002 291 2049 dam
330 2022 367 2051 v.
396 2000 702 2061 Τετράγωνος·
740 2000 976 2062 εὐσταθής,
1012 2003 1200 2062 ἑδραῖος.
1248 2000 1525 2060 Δαμάσκιος·
1561 2008 1675 2060 Σεμ-

187 2079 268 2135 νός
311 2082 357 2127 δὲ
398 2075 459 2139 ἦν
505 2084 578 2127 καὶ
625 2080 862 2141 εὐσχήμων
905 2079 959 2142 τοὶ
1006 2080 1150 2127 πάντα
1192 2083 1265 2127 καὶ
1298 2079 1573 2140 τετράγωνος
1605 2085 1677 2127 καὶ

187 2158 297 2207 ἄνευ
341 2159 488 2219 ψόγου
530 2163 842 2220 τεταγμένος.
912 2160 1036 2209 Illius
1081 2161 1322 2227 scripturae
1371 2160 1588 2227 optimum
1630 2180 1675 2207 se

187 2252 380 2306 praestat
423 2240 704 2306 interpretem
757 2253 885 2308 poeta
932 2241 1048 2306 ipse,
1100 2241 1175 2306 qui
1228 2240 1424 2306 corporis
1474 2239 1673 2288 habitum

186 2323 359 2380 (χερσίν
404 2338 449 2365 τε
495 2322 569 2365 καὶ
610 2322 738 2385 ποσί)
790 2339 890 2369 cum
936 2319 1169 2368 affectione
1203 2320 1361 2368 mentis
1397 2318 1533 2383 (νόῳ)
1570 2338 1674 2368 con-

189 2401 354 2464 jungat.
437 2399 673 2448 Hominem
724 2401 988 2466 quadratum
1033 2399 1226 2447 Romani
1263 2398 1499 2447 vocabant:
1543 2397 1672 2447 simili

189 2478 519 2545 comparatione
555 2479 706 2527 Horat.
743 2479 930 2546 Sermm.
970 2479 1038 2538 Il,
1078 2483 1133 2536 7,
1169 2480 1248 2527 86.

307 2594 453 2642 Fortis
489 2604 531 2642 et
566 2594 611 2641 in
647 2612 693 2641 se
730 2594 826 2659 ipso
862 2605 978 2642 totus
1015 2605 1126 2641 teres
1162 2606 1291 2659 atque
1327 2590 1557 2641 rotundus.

187 2718 277 2765 Sed
323 2718 432 2766 nihil
479 2718 689 2774 similius,
745 2738 878 2784 quam
927 2719 1047 2784 quod
1094 2731 1158 2767 est
1202 2718 1324 2785 apud
1366 2716 1672 2766 suavissimum
