1826 3080
836 72 935 121 219

236 206 425 259 ἦ’Μοῦσα
457 224 533 266 μοι
563 204 814 266 Ἀλκμήνης
844 204 1154 265 καλλισφύρου
1188 203 1290 252 υἱόν
1324 203 1451 253 ἄειδε.

253 285 364 336 stov
397 284 647 346 Ἀλκμήνης
679 283 793 333 ἄειδε
828 285 1001 335 Μοῦσά
1033 304 1113 344 μοι
1141 284 1459 345 καλλισφύρου.

151 366 319 416 [mam
364 365 484 416 hunc
526 364 832 414 Simonideum
880 364 928 413 in
970 382 1151 413 exosum
1201 363 1426 429 hominem
1472 366 1623 415 Timo-

115 438 372 495 'creontem
404 443 658 503 Rhodium,
709 443 768 493 de
809 443 934 508 cujus
974 442 1195 492 simultate
1237 461 1338 492 cum
1371 456 1500 510 poeta
1537 447 1625 494 Ceo

149 524 344 576 diximus
364 552 366 554 v
384 522 588 590 Prole‘gg.
631 542 675 591 p.
717 523 903 579 XVIIL,
950 522 1008 570 ita
1052 521 1125 571 ille
1167 522 1318 572 derisit
1362 522 1496 574 Δῃὼ.
1532 525 1622 573 Pal.

147 602 295 662 XIII,
325 603 408 653 31.
466 604 788 663 Ίὶμοκρέοπος
817 599 1226 661 Ῥοδίουομοίως·

248 687 367 744 [ηιξ
397 701 452 743 με
483 686 711 742 προς-ἦλθε
745 684 943 741 φλυαρία
978 679 1065 728 οὐκ
1096 682 1321 729 ἐθέλοντα.

231 760 344 812 10138
373 760 589 810 ὂθέλοντᾶ
621 780 674 821 με
706 763 936 820 προςῆλθε
969 765 1088 819 Κηϊα
1122 766 1331 821 φλυαρία.

145 840 235 892 Sed
269 840 482 892 mirificus
513 839 711 908 profecto
745 839 880 889 lusus.
959 841 1070 888 Rem
1106 839 1166 888 ita
1199 858 1246 888 se
1280 839 1445 889 habere
1477 842 1621 907 suspi-

144 937 309 971 eamnra
385 920 651 969 Timocreon
701 938 838 986 quum
892 919 951 967 ab
999 918 1243 967 Scholiasta
1297 918 1343 967 in
1396 918 1622 986 Aristoph.

142 999 308 1051 Bauer.
343 999 489 1048 1337.
524 997 739 1054 ἕκοκοιὸς
771 997 954 1055 dicitur,
1000 998 1196 1046 certatim
1231 998 1311 1045 viri
1347 998 1465 1046 docti
1499 1006 1622 1057 μελο-

140 1075 275 1134 aeuo'e
289 1077 619 1127 emendandum
649 1089 934 1127 censuerunt:
971 1095 1279 1144 praepropere.
1327 1075 1452 1140 Quid
1475 1078 1621 1126 enim?

139 1155 386 1207 Simonidis
418 1156 635 1207 cavillatio
667 1169 762 1206 tum
797 1157 976 1206 demum
1013 1158 1239 1206 hominem
1274 1156 1524 1223 pungebat,
1569 1159 1621 1215 si,

138 1235 263 1304 quod
303 1236 400 1304 ipsa
442 1236 518 1286 illa
562 1235 778 1285 cavillatio
825 1236 930 1285 facit
969 1248 1018 1285 ut
1054 1235 1309 1294 credamus,
1352 1236 1619 1286 Timocreon

141 1333 320 1365 armen
354 1315 527 1383 epicum
550 1314 752 1364 Herculis
787 1334 856 1364 res
891 1314 1166 1381 complexum
1193 1315 1251 1363 ita
1286 1333 1468 1363 exorsus
1503 1328 1618 1364 erat:

241 1393 411 1443 Μοῦσά
443 1413 519 1454 μοι
550 1392 801 1453 Ἀλκμήνης
831 1392 1142 1453 καλλισφύρου
1176 1391 1280 1440 υἱόν
1315 1391 1443 1440 ἄειδε.

138 1472 194 1521 ln
241 1492 332 1540 quo
374 1491 502 1522 versu
548 1473 695 1521 nescio
748 1473 857 1539 quid
911 1472 1325 1541 reprehendendum
1372 1472 1619 1538 intelligens

135 1562 267 1618 poeta
289 1551 418 1609 Ceus,
451 1551 607 1600 eadem
641 1550 776 1601 verba
810 1552 1073 1618 transposita
1108 1551 1281 1600 efficere
1316 1563 1616 1601 tetrametrum

137 1629 408 1680 trochaicum
463 1631 660 1680 docebat.
742 1631 858 1679 Huic
914 1631 1014 1696 joco
1063 1631 1294 1698 respondit
1337 1632 1618 1688 Timocreon,

134 1709 437 1759 hexametrum
479 1729 611 1759 suum
653 1739 723 1748 —-
762 1710 808 1758 in
858 1729 947 1776 quo
988 1711 1114 1769 Κηϊα
1155 1730 1240 1759 vox
1283 1730 1374 1759 non
1409 1711 1502 1760 sine
1537 1731 1613 1760 au—

135 1777 441 1856 dacia'posita
474 1801 540 1838 est
573 1789 670 1838 loco
707 1788 886 1837 molossi
907 1818 976 1826 -
1009 1789 1055 1837 in
1090 1789 1278 1839 similem
1314 1809 1488 1838 versum
1526 1803 1616 1838 tro-

135 1868 335 1916 chaicum
371 1867 677 1915 transformari
710 1885 840 1933 posse
874 1867 1154 1933 probaturus.
1202 1868 1331 1931 Quae
1366 1869 1615 1933 conjectura

134 1959 285 1995 nostra
318 1946 356 1996 si
390 1945 545 2003 stabit,
593 1946 651 1995 ad
681 1946 794 1995 duas
828 1945 924 1995 illas
959 1946 1193 1995 Heracleas
1227 1958 1456 2012 poetarum
1491 1947 1615 1996 Rho-

133 2026 330 2084 diorum,
363 2025 568 2075 Pisandri
606 2025 872 2074 Camil-ensis
906 2037 948 2074 et
983 2025 1121 2074 Pisini
1155 2025 1318 2083 Limia,
1355 2026 1424 2074 cui
1458 2026 1612 2076 Pisan—

133 2105 265 2153 drum
285 2104 542 2154 Heracleam
578 2123 704 2154 suam
739 2104 1007 2154 suffuratum
1043 2105 1303 2154 criminatur
1335 2105 1472 2154 Clem.
1491 2106 1612 2154 Alex.

133 2184 341 2233 Stromm.
378 2184 451 2232 Vl.
487 2202 528 2251 p.
565 2185 676 2234 266.
711 2183 938 2253 Sylburg.‚
978 2183 1155 2233 accedet
1190 2185 1314 2233 tertia
1352 2184 1613 2234 dicacissimi

130 2276 285 2331 poetae
331 2264 653 2313 Timocreontis
699 2263 864 2332 Ialysii.
946 2263 1095 2312 Codex
1145 2262 1237 2311 Pal.
1283 2275 1470 2331 utroque
1518 2265 1613 2313 loco

130 2349 439 2403 καλλίσφυρον
481 2343 675 2411 praebet.
747 2342 885 2407 Quod
928 2343 1004 2409 qui
1051 2362 1199 2392 verum
1243 2342 1444 2400 habebit,
1490 2344 1614 2393 aliter

132 2424 287 2490 poterit
322 2422 379 2471 de
414 2422 511 2471 lusu
547 2422 622 2472 illo
655 2434 856 2472 statuere.

783 2569 958 2606 CCXXX.

268 2661 426 2710 Athen.
449 2661 503 2718 X,
542 2679 582 2727 p.
609 2660 722 2719 456,
747 2662 795 2709 C.
844 2660 1058 2720 I'poqom'etq
1094 2662 1182 2707 ἐστὶ
1219 2664 1291 2707 καὶ
1325 2666 1609 2720 Σιμωνίδῃ

1284 2742 1341 2787 18
