<?xml version="1.0" encoding="UTF-8"?>
<!DOCTYPE html PUBLIC "-//W3C//DTD XHTML 1.0 Transitional//EN"
    "http://www.w3.org/TR/xhtml1/DTD/xhtml1-transitional.dtd">
<html xmlns="http://www.w3.org/1999/xhtml" xml:lang="en" lang="en">
 <head>
  <title>
</title>
<meta http-equiv="Content-Type" content="text/html;charset=utf-8" />
  <meta name='ocr-system' content='tesseract 3.04.00' />
  <meta name='ocr-capabilities' content='ocr_page ocr_carea ocr_par ocr_line ocrx_word'/>
</head>
<body>
  <div class='ocr_page' id='page_1' title='image "./simonidisceicarm00simouoft_0104.png"; bbox 0 0 1826 3080; ppageno 0'>
   <div class='ocr_carea' id='block_1_1' title="bbox 120 248 1741 2792">
    <p class='ocr_par' dir='ltr' id='par_1_1' title="bbox 194 248 1739 1208">
     <span class='ocr_line' id='line_1_1' title="bbox 216 248 1694 334; baseline -0.005 -26"><span class='ocrx_word' id='word_1_1' title='bbox 216 262 289 308; x_wconf 89' lang='lat' dir='ltr'><strong>IV.</strong></span> <span class='ocrx_word' id='word_1_2' title='bbox 327 264 402 319; x_wconf 60' lang='lat' dir='ltr'><strong>V„</strong></span> <span class='ocrx_word' id='word_1_3' title='bbox 438 261 537 310; x_wconf 83' lang='lat' dir='ltr'><strong>vide</strong></span> <span class='ocrx_word' id='word_1_4' title='bbox 571 261 755 323; x_wconf 72' lang='lat' dir='ltr'><strong>Diodor.</strong></span> <span class='ocrx_word' id='word_1_5' title='bbox 785 248 876 331; x_wconf 48' lang='lat' dir='ltr'><strong>¹ffic.</strong></span> <span class='ocrx_word' id='word_1_6' title='bbox 912 259 998 318; x_wconf 87' lang='lat' dir='ltr'><strong>XI,</strong></span> <span class='ocrx_word' id='word_1_7' title='bbox 1038 260 1078 307; x_wconf 92' lang='lat'><strong>1.</strong></span> <span class='ocrx_word' id='word_1_8' title='bbox 1131 256 1284 319; x_wconf 74' lang='grc' dir='ltr'><strong><em>’Ἡχθη</em></strong></span> <span class='ocrx_word' id='word_1_9' title='bbox 1308 263 1393 334; x_wconf 51' lang='grc' dir='ltr'><strong><em>,κ’ᾳὶ</em></strong></span> <span class='ocrx_word' id='word_1_10' title='bbox 1425 260 1527 323; x_wconf 82' lang='grc' dir='ltr'><strong><em>παρ’</em></strong></span> <span class='ocrx_word' id='word_1_11' title='bbox 1560 261 1694 310; x_wconf 78' lang='grc' dir='ltr'><strong><em>Ἠλεί.</em></strong></span> 
     </span>
     <span class='ocr_line' id='line_1_2' title="bbox 215 293 1694 402; baseline 0.003 -16"><span class='ocrx_word' id='word_1_12' title='bbox 215 361 282 396; x_wconf 71' lang='lat' dir='ltr'><strong>ms·</strong></span> <span class='ocrx_word' id='word_1_13' title='bbox 325 339 565 401; x_wconf 73' lang='grc' dir='ltr'><strong><em>Ὀλυμπιάς</em></strong></span> <span class='ocrx_word' id='word_1_14' title='bbox 611 293 794 399; x_wconf 40' lang='lat' dir='ltr'><strong>ubido</strong></span> <span class='ocrx_word' id='word_1_15' title='bbox 829 336 944 400; x_wconf 78' lang='grc' dir='ltr'><strong><em>πρός</em></strong></span> <span class='ocrx_word' id='word_1_16' title='bbox 983 346 1079 395; x_wconf 81' lang='grc' dir='ltr'><strong><em>ταῖς</em></strong></span> <span class='ocrx_word' id='word_1_17' title='bbox 1119 339 1442 400; x_wconf 77' lang='grc' dir='ltr'><strong><em>ἑβδομήκοντα,</em></strong></span> <span class='ocrx_word' id='word_1_18' title='bbox 1485 341 1588 389; x_wconf 62' lang='lat' dir='ltr'><strong>ww’</strong></span> <span class='ocrx_word' id='word_1_19' title='bbox 1634 341 1694 402; x_wconf 80' lang='grc' dir='ltr'><strong>ἣν</strong></span> 
     </span>
     <span class='ocr_line' id='line_1_3' title="bbox 212 417 1739 480; baseline 0.001 -13"><span class='ocrx_word' id='word_1_20' title='bbox 212 424 334 469; x_wconf 77' lang='grc' dir='ltr'><strong><em>ἐνίκα</em></strong></span> <span class='ocrx_word' id='word_1_21' title='bbox 383 421 562 468; x_wconf 75' lang='grc' dir='ltr'><strong><em>στάδιον</em></strong></span> <span class='ocrx_word' id='word_1_22' title='bbox 591 418 825 474; x_wconf 78' lang='grc' dir='ltr'><strong><em>”Αστυλος</em></strong></span> <span class='ocrx_word' id='word_1_23' title='bbox 857 417 1162 480; x_wconf 75' lang='grc' dir='ltr'><strong><em>Συρακόσιος.</em></strong></span> <span class='ocrx_word' id='word_1_24' title='bbox 1239 419 1367 467; x_wconf 84' lang='lat' dir='ltr'><strong>Paus.</strong></span> <span class='ocrx_word' id='word_1_25' title='bbox 1404 420 1490 479; x_wconf 83' lang='lat' dir='ltr'><strong>VI,</strong></span> <span class='ocrx_word' id='word_1_26' title='bbox 1529 421 1612 480; x_wconf 83' lang='grc'><strong>13,</strong></span> <span class='ocrx_word' id='word_1_27' title='bbox 1650 423 1689 470; x_wconf 87' lang='grc'><strong>1.</strong></span> <span class='ocrx_word' id='word_1_28' title='bbox 1737 459 1739 462; x_wconf 86' lang='grc'>.</span> 
     </span>
     <span class='ocr_line' id='line_1_4' title="bbox 194 492 1694 567; baseline -0.001 -18"><span class='ocrx_word' id='word_1_29' title='bbox 194 499 784 567; x_wconf 13' lang='grc' dir='ltr'><strong><em>”Αστυλος[ζλΚροτωνιοέτης</em></strong></span> <span class='ocrx_word' id='word_1_30' title='bbox 816 498 1095 560; x_wconf 80' lang='grc' dir='ltr'><em>Πυθαγόρου</em></span> <span class='ocrx_word' id='word_1_31' title='bbox 1130 501 1210 558; x_wconf 85' lang='grc' dir='ltr'><strong>μέν</strong></span> <span class='ocrx_word' id='word_1_32' title='bbox 1244 501 1361 546; x_wconf 80' lang='grc' dir='ltr'><strong><em>ἐστιν</em></strong></span> <span class='ocrx_word' id='word_1_33' title='bbox 1389 501 1544 560; x_wconf 77' lang='grc' dir='ltr'><strong><em>ἔργον·</em></strong></span> <span class='ocrx_word' id='word_1_34' title='bbox 1578 492 1694 562; x_wconf 71' lang='grc' dir='ltr'><strong><em>τρεῖς</em></strong></span> 
     </span>
     <span class='ocr_line' id='line_1_5' title="bbox 208 578 1687 642; baseline -0.001 -14"><span class='ocrx_word' id='word_1_35' title='bbox 208 583 254 628; x_wconf 81' lang='grc' dir='ltr'><strong>δὲ</strong></span> <span class='ocrx_word' id='word_1_36' title='bbox 291 585 452 642; x_wconf 82' lang='grc' dir='ltr'><strong><em>ἐφεξῆς</em></strong></span> <span class='ocrx_word' id='word_1_37' title='bbox 482 580 744 639; x_wconf 87' lang='grc' dir='ltr'><strong><em>Ὀλυμπίασι</em></strong></span> <span class='ocrx_word' id='word_1_38' title='bbox 778 583 958 626; x_wconf 80' lang='grc' dir='ltr'><strong><em>σταδίου</em></strong></span> <span class='ocrx_word' id='word_1_39' title='bbox 991 597 1035 626; x_wconf 91' lang='grc' dir='ltr'><strong>τε</strong></span> <span class='ocrx_word' id='word_1_40' title='bbox 1070 581 1142 624; x_wconf 84' lang='grc' dir='ltr'><strong>καὶ</strong></span> <span class='ocrx_word' id='word_1_41' title='bbox 1176 578 1363 625; x_wconf 84' lang='grc' dir='ltr'><em>διαύλου</em></span> <span class='ocrx_word' id='word_1_42' title='bbox 1397 583 1528 634; x_wconf 81' lang='grc' dir='ltr'><strong><em>νίκας</em></strong></span> <span class='ocrx_word' id='word_1_43' title='bbox 1551 579 1687 639; x_wconf 75' lang='grc' dir='ltr'><strong><em>εἶχεν·</em></strong></span> 
     </span>
     <span class='ocr_line' id='line_1_6' title="bbox 206 657 1687 720; baseline -0.001 -13"><span class='ocrx_word' id='word_1_44' title='bbox 206 659 274 708; x_wconf 78' lang='grc' dir='ltr'><strong><em>’ὅτι</em></strong></span> <span class='ocrx_word' id='word_1_45' title='bbox 319 662 367 707; x_wconf 80' lang='grc' dir='ltr'><strong>δὲ</strong></span> <span class='ocrx_word' id='word_1_46' title='bbox 411 663 460 707; x_wconf 86' lang='grc' dir='ltr'><strong>ἐν</strong></span> <span class='ocrx_word' id='word_1_47' title='bbox 505 659 588 707; x_wconf 84' lang='grc' dir='ltr'><strong>δύο</strong></span> <span class='ocrx_word' id='word_1_48' title='bbox 632 667 726 714; x_wconf 81' lang='grc' dir='ltr'><strong><em>ταῖς</em></strong></span> <span class='ocrx_word' id='word_1_49' title='bbox 766 657 968 720; x_wconf 72' lang='grc' dir='ltr'><strong><em>’ὑστέραις</em></strong></span> <span class='ocrx_word' id='word_1_50' title='bbox 1001 661 1047 714; x_wconf 80' lang='grc' dir='ltr'><strong>ἐς</strong></span> <span class='ocrx_word' id='word_1_51' title='bbox 1079 658 1211 718; x_wconf 79' lang='grc' dir='ltr'><strong><em>χάριν</em></strong></span> <span class='ocrx_word' id='word_1_52' title='bbox 1251 657 1333 717; x_wconf 75' lang='grc' dir='ltr'><strong>τήν</strong></span> <span class='ocrx_word' id='word_1_53' title='bbox 1365 657 1572 720; x_wconf 77' lang='grc' dir='ltr'><strong><em>Ἱέρωνος</em></strong></span> <span class='ocrx_word' id='word_1_54' title='bbox 1602 664 1687 706; x_wconf 81' lang='grc' dir='ltr'><strong>τοῦ</strong></span> 
     </span>
     <span class='ocr_line' id='line_1_7' title="bbox 206 736 1687 801; baseline -0.001 -14"><span class='ocrx_word' id='word_1_55' title='bbox 206 743 507 800; x_wconf 73' lang='grc' dir='ltr'><strong><em>Δεινομένους</em></strong></span> <span class='ocrx_word' id='word_1_56' title='bbox 558 739 856 801; x_wconf 69' lang='grc' dir='ltr'><strong><em>ἀνηγόρευσεν</em></strong></span> <span class='ocrx_word' id='word_1_57' title='bbox 908 737 1069 787; x_wconf 78' lang='grc' dir='ltr'><strong><em>ἑαυτόν</em></strong></span> <span class='ocrx_word' id='word_1_58' title='bbox 1121 736 1461 798; x_wconf 82' lang='grc' dir='ltr'><strong><em>Συρακούσιον,</em></strong></span> <span class='ocrx_word' id='word_1_59' title='bbox 1512 737 1687 786; x_wconf 78' lang='grc' dir='ltr'><strong><em>τούτων</em></strong></span> 
     </span>
     <span class='ocr_line' id='line_1_8' title="bbox 204 809 1684 882; baseline -0.001 -15"><span class='ocrx_word' id='word_1_60' title='bbox 204 824 347 867; x_wconf 78' lang='grc' dir='ltr'><strong><em>εἵνεκα</em></strong></span> <span class='ocrx_word' id='word_1_61' title='bbox 383 825 430 867; x_wconf 81' lang='grc' dir='ltr'><strong>οἱ</strong></span> <span class='ocrx_word' id='word_1_62' title='bbox 460 819 774 882; x_wconf 79' lang='grc' dir='ltr'><strong><em>Κροτωνιάται</em></strong></span> <span class='ocrx_word' id='word_1_63' title='bbox 806 817 888 878; x_wconf 74' lang='grc' dir='ltr'><strong>τήν</strong></span> <span class='ocrx_word' id='word_1_64' title='bbox 915 822 1059 865; x_wconf 84' lang='grc' dir='ltr'><strong><em>οἰκίαν</em></strong></span> <span class='ocrx_word' id='word_1_65' title='bbox 1083 816 1226 864; x_wconf 75' lang='grc' dir='ltr'><strong><em>αὐτοῦ</em></strong></span> <span class='ocrx_word' id='word_1_66' title='bbox 1255 809 1554 880; x_wconf 63' lang='grc' dir='ltr'><strong><em>δεσμωτήριον</em></strong></span> <span class='ocrx_word' id='word_1_67' title='bbox 1571 819 1684 866; x_wconf 77' lang='grc' dir='ltr'><strong><em>εἶναι</em></strong></span> 
     </span>
     <span class='ocr_line' id='line_1_9' title="bbox 204 894 1680 960; baseline -0.001 -14"><span class='ocrx_word' id='word_1_68' title='bbox 204 902 483 959; x_wconf 80' lang='grc' dir='ltr'><strong><em>κατέγνωσαν</em></strong></span> <span class='ocrx_word' id='word_1_69' title='bbox 527 903 600 946; x_wconf 82' lang='grc' dir='ltr'><strong>καὶ</strong></span> <span class='ocrx_word' id='word_1_70' title='bbox 641 898 723 960; x_wconf 66' lang='grc' dir='ltr'><strong>τήν</strong></span> <span class='ocrx_word' id='word_1_71' title='bbox 769 899 918 947; x_wconf 81' lang='grc' dir='ltr'><strong><em>εἰκόνα</em></strong></span> <span class='ocrx_word' id='word_1_72' title='bbox 960 905 1172 946; x_wconf 76' lang='grc' dir='ltr'><strong><em>καθεῖλον</em></strong></span> <span class='ocrx_word' id='word_1_73' title='bbox 1216 895 1336 958; x_wconf 70' lang='grc' dir='ltr'><strong><em>παρά</em></strong></span> <span class='ocrx_word' id='word_1_74' title='bbox 1379 902 1430 959; x_wconf 80' lang='grc' dir='ltr'><strong>τῇ</strong></span> <span class='ocrx_word' id='word_1_75' title='bbox 1463 894 1589 960; x_wconf 54' lang='lat' dir='ltr'><strong>“Hpq</strong></span> <span class='ocrx_word' id='word_1_76' title='bbox 1627 901 1680 959; x_wconf 80' lang='grc' dir='ltr'><strong>τῇ</strong></span> 
     </span>
     <span class='ocr_line' id='line_1_10' title="bbox 205 977 1683 1047; baseline -0.001 -19"><span class='ocrx_word' id='word_1_77' title='bbox 205 985 393 1043; x_wconf 77' lang='grc' dir='ltr'><strong><em>Λακινίᾳ</em></strong></span> <span class='ocrx_word' id='word_1_78' title='bbox 426 981 639 1039; x_wconf 83' lang='grc' dir='ltr'><strong><em>κειμένην.</em></strong></span> <span class='ocrx_word' id='word_1_79' title='bbox 686 979 798 1028; x_wconf 89' lang='lat' dir='ltr'><strong>Plin.</strong></span> <span class='ocrx_word' id='word_1_80' title='bbox 835 980 890 1027; x_wconf 87' lang='lat' dir='ltr'><strong>H.</strong></span> <span class='ocrx_word' id='word_1_81' title='bbox 926 980 979 1027; x_wconf 89' lang='lat' dir='ltr'><strong>N.</strong></span> <span class='ocrx_word' id='word_1_82' title='bbox 1015 979 1220 1036; x_wconf 85' lang='lat' dir='ltr'>XXXIV,</span> <span class='ocrx_word' id='word_1_83' title='bbox 1260 978 1335 1036; x_wconf 88' lang='lat'><strong>19,</strong></span> <span class='ocrx_word' id='word_1_84' title='bbox 1368 977 1412 1025; x_wconf 81' lang='grc'><strong>4.</strong></span> <span class='ocrx_word' id='word_1_85' title='bbox 1482 977 1683 1047; x_wconf 81' lang='lat' dir='ltr'><strong>»Pytha-</strong></span> 
     </span>
     <span class='ocr_line' id='line_1_11' title="bbox 203 1057 1683 1132; baseline -0.002 -23"><span class='ocrx_word' id='word_1_86' title='bbox 203 1079 334 1126; x_wconf 86' lang='lat' dir='ltr'><strong>goras</strong></span> <span class='ocrx_word' id='word_1_87' title='bbox 370 1079 422 1108; x_wconf 84' lang='lat' dir='ltr'><strong>ex</strong></span> <span class='ocrx_word' id='word_1_88' title='bbox 456 1059 581 1132; x_wconf 80' lang='lat' dir='ltr'><strong>Italia</strong></span> <span class='ocrx_word' id='word_1_89' title='bbox 616 1059 846 1124; x_wconf 82' lang='lat' dir='ltr'><strong>Rheginos</strong></span> <span class='ocrx_word' id='word_1_90' title='bbox 887 1059 990 1107; x_wconf 84' lang='lat' dir='ltr'><strong>fecit</strong></span> <span class='ocrx_word' id='word_1_91' title='bbox 1033 1071 1073 1107; x_wconf 89' lang='lat' dir='ltr'><strong>et</strong></span> <span class='ocrx_word' id='word_1_92' title='bbox 1111 1057 1445 1107; x_wconf 81' lang='lat' dir='ltr'><strong>stadiodromon</strong></span> <span class='ocrx_word' id='word_1_93' title='bbox 1480 1058 1683 1127; x_wconf 75' lang='lat' dir='ltr'><strong>Astylon,</strong></span> 
     </span>
     <span class='ocr_line' id='line_1_12' title="bbox 202 1139 880 1208; baseline 0 -20"><span class='ocrx_word' id='word_1_94' title='bbox 202 1141 278 1207; x_wconf 87' lang='lat' dir='ltr'><strong>qui</strong></span> <span class='ocrx_word' id='word_1_95' title='bbox 316 1139 554 1208; x_wconf 84' lang='lat' dir='ltr'><strong>Olympiae</strong></span> <span class='ocrx_word' id='word_1_96' title='bbox 589 1139 880 1189; x_wconf 73' lang='lat' dir='ltr'><strong>ostenditur.«</strong></span> 
     </span>
    </p>

    <p class='ocr_par' dir='ltr' id='par_1_2' title="bbox 194 1216 1741 1930">
     <span class='ocr_line' id='line_1_13' title="bbox 335 1216 1683 1285; baseline -0.004 -16"><span class='ocrx_word' id='word_1_97' title='bbox 335 1223 478 1269; x_wconf 87' lang='lat' dir='ltr'><strong>Versu</strong></span> <span class='ocrx_word' id='word_1_98' title='bbox 498 1220 538 1267; x_wconf 93' lang='lat'><strong>1.</strong></span> <span class='ocrx_word' id='word_1_99' title='bbox 575 1220 622 1265; x_wconf 80' lang='grc' dir='ltr'><strong>δὲ</strong></span> <span class='ocrx_word' id='word_1_100' title='bbox 655 1238 738 1285; x_wconf 89' lang='lat' dir='ltr'><strong>pro</strong></span> <span class='ocrx_word' id='word_1_101' title='bbox 774 1216 828 1277; x_wconf 78' lang='grc' dir='ltr'><strong>δή</strong></span> <span class='ocrx_word' id='word_1_102' title='bbox 864 1218 1000 1267; x_wconf 86' lang='lat' dir='ltr'><strong>codex</strong></span> <span class='ocrx_word' id='word_1_103' title='bbox 1023 1219 1099 1274; x_wconf 88' lang='lat' dir='ltr'><strong>D.;</strong></span> <span class='ocrx_word' id='word_1_104' title='bbox 1133 1235 1180 1275; x_wconf 78' lang='grc' dir='ltr'><strong>γε</strong></span> <span class='ocrx_word' id='word_1_105' title='bbox 1215 1217 1558 1282; x_wconf 76' lang='lat' dir='ltr'><strong>interposuimus</strong></span> <span class='ocrx_word' id='word_1_106' title='bbox 1586 1216 1683 1264; x_wconf 83' lang='lat' dir='ltr'><strong>loco</strong></span> 
     </span>
     <span class='ocr_line' id='line_1_14' title="bbox 199 1294 1682 1359; baseline -0.004 -10"><span class='ocrx_word' id='word_1_107' title='bbox 199 1322 303 1359; x_wconf 86' lang='lat' dir='ltr'><strong>suo,</strong></span> <span class='ocrx_word' id='word_1_108' title='bbox 339 1313 386 1348; x_wconf 87' lang='lat' dir='ltr'><strong>ut</strong></span> <span class='ocrx_word' id='word_1_109' title='bbox 419 1299 549 1348; x_wconf 87' lang='lat' dir='ltr'><strong>Pind.</strong></span> <span class='ocrx_word' id='word_1_110' title='bbox 587 1298 659 1346; x_wconf 93' lang='lat' dir='ltr'><strong>Ol.</strong></span> <span class='ocrx_word' id='word_1_111' title='bbox 694 1299 737 1357; x_wconf 85' lang='lat' dir='ltr'><strong>I,</strong></span> <span class='ocrx_word' id='word_1_112' title='bbox 777 1298 907 1356; x_wconf 74' lang='lat'>104.;</span> <span class='ocrx_word' id='word_1_113' title='bbox 941 1297 1099 1345; x_wconf 81' lang='grc' dir='ltr'><strong><em>τοσάδε</em></strong></span> <span class='ocrx_word' id='word_1_114' title='bbox 1133 1294 1317 1345; x_wconf 89' lang='lat' dir='ltr'><strong>Photius</strong></span> <span class='ocrx_word' id='word_1_115' title='bbox 1345 1296 1546 1354; x_wconf 85' lang='lat' dir='ltr'><strong>Porsoni,</strong></span> <span class='ocrx_word' id='word_1_116' title='bbox 1580 1295 1682 1343; x_wconf 83' lang='lat' dir='ltr'><strong>Sui-</strong></span> 
     </span>
     <span class='ocr_line' id='line_1_15' title="bbox 199 1375 1682 1445; baseline -0.003 -18"><span class='ocrx_word' id='word_1_117' title='bbox 199 1380 278 1428; x_wconf 89' lang='lat' dir='ltr'><strong>das</strong></span> <span class='ocrx_word' id='word_1_118' title='bbox 323 1381 390 1444; x_wconf 90' lang='lat' dir='ltr'><strong>(in</strong></span> <span class='ocrx_word' id='word_1_119' title='bbox 434 1398 523 1445; x_wconf 92' lang='lat' dir='ltr'><strong>quo</strong></span> <span class='ocrx_word' id='word_1_120' title='bbox 570 1378 750 1442; x_wconf 85' lang='lat' dir='ltr'><strong>corrigit</strong></span> <span class='ocrx_word' id='word_1_121' title='bbox 783 1378 965 1442; x_wconf 87' lang='lat' dir='ltr'><strong>Portus)</strong></span> <span class='ocrx_word' id='word_1_122' title='bbox 1001 1389 1042 1425; x_wconf 90' lang='lat' dir='ltr'><strong>et</strong></span> <span class='ocrx_word' id='word_1_123' title='bbox 1076 1375 1352 1443; x_wconf 86' lang='lat' dir='ltr'><strong>Apostolius;</strong></span> <span class='ocrx_word' id='word_1_124' title='bbox 1399 1376 1682 1424; x_wconf 71' lang='lat' dir='ltr'><strong>Hei-mannus</strong></span> 
     </span>
     <span class='ocr_line' id='line_1_16' title="bbox 197 1455 1678 1532; baseline -0.002 -26"><span class='ocrx_word' id='word_1_125' title='bbox 197 1459 364 1506; x_wconf 82' lang='grc' dir='ltr'><strong><em>τόσαδε.</em></strong></span> <span class='ocrx_word' id='word_1_126' title='bbox 449 1462 494 1506; x_wconf 81' lang='grc'><strong>2.</strong></span> <span class='ocrx_word' id='word_1_127' title='bbox 539 1456 783 1504; x_wconf 64' lang='grc' dir='ltr'><strong><em>«ἐνεδύσατο</em></strong></span> <span class='ocrx_word' id='word_1_128' title='bbox 831 1457 992 1505; x_wconf 84' lang='lat' dir='ltr'><strong>Suidas</strong></span> <span class='ocrx_word' id='word_1_129' title='bbox 1039 1456 1186 1513; x_wconf 83' lang='lat' dir='ltr'><strong>Porti,</strong></span> <span class='ocrx_word' id='word_1_130' title='bbox 1232 1455 1309 1521; x_wconf 88' lang='lat' dir='ltr'><strong>qui</strong></span> <span class='ocrx_word' id='word_1_131' title='bbox 1352 1455 1678 1532; x_wconf 52' lang='lat' dir='ltr'><strong>emqidandum</strong></span> 
     </span>
     <span class='ocr_line' id='line_1_17' title="bbox 198 1534 1678 1603; baseline -0.003 -16"><span class='ocrx_word' id='word_1_132' title='bbox 198 1540 391 1587; x_wconf 90' lang='lat' dir='ltr'><strong>monuit:</strong></span> <span class='ocrx_word' id='word_1_133' title='bbox 436 1539 574 1586; x_wconf 86' lang='lat' dir='ltr'><strong>victor</strong></span> <span class='ocrx_word' id='word_1_134' title='bbox 606 1537 810 1585; x_wconf 87' lang='lat' dir='ltr'><strong>victorias</strong></span> <span class='ocrx_word' id='word_1_135' title='bbox 844 1537 963 1603; x_wconf 89' lang='lat' dir='ltr'><strong>ipsas</strong></span> <span class='ocrx_word' id='word_1_136' title='bbox 1007 1534 1314 1594; x_wconf 74' lang='grc' dir='ltr'><strong><em>ἀναδήσασθαι</em></strong></span> <span class='ocrx_word' id='word_1_137' title='bbox 1348 1534 1528 1593; x_wconf 87' lang='lat' dir='ltr'><strong>dicitur,</strong></span> <span class='ocrx_word' id='word_1_138' title='bbox 1569 1554 1678 1601; x_wconf 90' lang='lat' dir='ltr'><strong>quo-</strong></span> 
     </span>
     <span class='ocr_line' id='line_1_18' title="bbox 197 1614 1679 1683; baseline -0.003 -17"><span class='ocrx_word' id='word_1_139' title='bbox 197 1620 313 1666; x_wconf 85' lang='lat' dir='ltr'><strong>niam</strong></span> <span class='ocrx_word' id='word_1_140' title='bbox 365 1618 441 1683; x_wconf 90' lang='lat' dir='ltr'><strong>qui</strong></span> <span class='ocrx_word' id='word_1_141' title='bbox 485 1617 658 1665; x_wconf 90' lang='lat' dir='ltr'><strong>coronis</strong></span> <span class='ocrx_word' id='word_1_142' title='bbox 707 1617 945 1681; x_wconf 85' lang='lat' dir='ltr'><strong>cinguntur</strong></span> <span class='ocrx_word' id='word_1_143' title='bbox 978 1627 1176 1681; x_wconf 87' lang='lat' dir='ltr'><strong>tempora</strong></span> <span class='ocrx_word' id='word_1_144' title='bbox 1221 1634 1266 1663; x_wconf 92' lang='lat' dir='ltr'><strong>se</strong></span> <span class='ocrx_word' id='word_1_145' title='bbox 1314 1614 1538 1663; x_wconf 84' lang='lat' dir='ltr'><strong>victoriam</strong></span> <span class='ocrx_word' id='word_1_146' title='bbox 1574 1614 1679 1662; x_wconf 72' lang='lat' dir='ltr'><strong>ade-</strong></span> 
     </span>
     <span class='ocr_line' id='line_1_19' title="bbox 195 1683 1741 1765; baseline -0.004 -19"><span class='ocrx_word' id='word_1_147' title='bbox 195 1711 294 1765; x_wconf 89' lang='lat' dir='ltr'><strong>ptos</strong></span> <span class='ocrx_word' id='word_1_148' title='bbox 329 1703 598 1754; x_wconf 82' lang='lat' dir='ltr'><strong>monstrant3</strong></span> <span class='ocrx_word' id='word_1_149' title='bbox 636 1695 792 1743; x_wconf 83' lang='lat' dir='ltr'><strong>ductae</strong></span> <span class='ocrx_word' id='word_1_150' title='bbox 827 1695 932 1743; x_wconf 89' lang='lat' dir='ltr'><strong>hinc</strong></span> <span class='ocrx_word' id='word_1_151' title='bbox 966 1694 1207 1742; x_wconf 86' lang='lat' dir='ltr'><strong>locutiones</strong></span> <span class='ocrx_word' id='word_1_152' title='bbox 1244 1693 1505 1741; x_wconf 75' lang='grc' dir='ltr'><strong><em>ἀναδεῖσθαι</em></strong></span> <span class='ocrx_word' id='word_1_153' title='bbox 1537 1696 1676 1750; x_wconf 79' lang='grc' dir='ltr'><strong><em>κλέος,</em></strong></span> <span class='ocrx_word' id='word_1_154' title='bbox 1729 1683 1741 1695; x_wconf 69' lang='grc'><strong>’</strong></span> 
     </span>
     <span class='ocr_line' id='line_1_20' title="bbox 195 1774 1678 1834; baseline -0.003 -10"><span class='ocrx_word' id='word_1_155' title='bbox 195 1778 353 1834; x_wconf 79' lang='grc' dir='ltr'><strong><em>δόξαν,</em></strong></span> <span class='ocrx_word' id='word_1_156' title='bbox 391 1776 511 1824; x_wconf 77' lang='lat' dir='ltr'><strong>aliae.</strong></span> <span class='ocrx_word' id='word_1_157' title='bbox 584 1775 726 1823; x_wconf 87' lang='lat' dir='ltr'><strong>Simili</strong></span> <span class='ocrx_word' id='word_1_158' title='bbox 764 1775 949 1823; x_wconf 86' lang='lat' dir='ltr'><strong>audacia</strong></span> <span class='ocrx_word' id='word_1_159' title='bbox 983 1774 1114 1823; x_wconf 89' lang='lat' dir='ltr'><strong>Pind.</strong></span> <span class='ocrx_word' id='word_1_160' title='bbox 1154 1774 1227 1822; x_wconf 89' lang='lat' dir='ltr'><strong>Ol.</strong></span> <span class='ocrx_word' id='word_1_161' title='bbox 1261 1775 1393 1832; x_wconf 78' lang='lat' dir='ltr'>XIII,</span> <span class='ocrx_word' id='word_1_162' title='bbox 1427 1774 1505 1822; x_wconf 87' lang='lat'><strong>38.</strong></span> <span class='ocrx_word' id='word_1_163' title='bbox 1569 1779 1678 1834; x_wconf 78' lang='grc' dir='ltr'><strong><em>Τρία</em></strong></span> 
     </span>
     <span class='ocr_line' id='line_1_21' title="bbox 194 1853 1455 1930; baseline -0.005 -25"><span class='ocrx_word' id='word_1_164' title='bbox 194 1862 298 1920; x_wconf 77' lang='grc' dir='ltr'><strong><em>ἔργα</em></strong></span> <span class='ocrx_word' id='word_1_165' title='bbox 333 1854 560 1917; x_wconf 75' lang='grc' dir='ltr'><strong><em>ποδαρκής</em></strong></span> <span class='ocrx_word' id='word_1_166' title='bbox 594 1855 734 1916; x_wconf 78' lang='grc' dir='ltr'><strong><em>ἁμέρα</em></strong></span> <span class='ocrx_word' id='word_1_167' title='bbox 768 1859 882 1915; x_wconf 81' lang='grc' dir='ltr'><strong><em>θῆκε</em></strong></span> <span class='ocrx_word' id='word_1_168' title='bbox 915 1853 1105 1901; x_wconf 76' lang='grc' dir='ltr'><strong><em>κάλλιστ’</em></strong></span> <span class='ocrx_word' id='word_1_169' title='bbox 1141 1854 1258 1914; x_wconf 81' lang='grc' dir='ltr'><strong><em>α’μφὶ</em></strong></span> <span class='ocrx_word' id='word_1_170' title='bbox 1290 1853 1455 1930; x_wconf 63' lang='grc' dir='ltr'><strong><em>κόμαις.</em></strong></span> 
     </span>
    </p>

    <p class='ocr_par' dir='ltr' id='par_1_3' title="bbox 186 1933 1673 2400">
     <span class='ocr_line' id='line_1_22' title="bbox 329 1933 1672 1997; baseline -0.004 -13"><span class='ocrx_word' id='word_1_171' title='bbox 329 1941 372 1985; x_wconf 85' lang='grc'><strong>3.</strong></span> <span class='ocrx_word' id='word_1_172' title='bbox 417 1935 733 1997; x_wconf 85' lang='grc' dir='ltr'><strong><em>Περικτυόνων</em></strong></span> <span class='ocrx_word' id='word_1_173' title='bbox 777 1934 938 1982; x_wconf 89' lang='lat' dir='ltr'><strong>Suidas</strong></span> <span class='ocrx_word' id='word_1_174' title='bbox 993 1945 1035 1982; x_wconf 84' lang='lat' dir='ltr'><strong>et</strong></span> <span class='ocrx_word' id='word_1_175' title='bbox 1081 1933 1266 1982; x_wconf 84' lang='lat' dir='ltr'><strong>Photius</strong></span> <span class='ocrx_word' id='word_1_176' title='bbox 1311 1933 1577 1990; x_wconf 81' lang='lat' dir='ltr'><strong>Hermanni,</strong></span> <span class='ocrx_word' id='word_1_177' title='bbox 1638 1954 1672 1979; x_wconf 68' lang='lat' dir='ltr'><strong>v.</strong></span> 
     </span>
     <span class='ocr_line' id='line_1_23' title="bbox 192 2010 1673 2069; baseline -0.005 -4"><span class='ocrx_word' id='word_1_178' title='bbox 192 2017 381 2066; x_wconf 85' lang='lat' dir='ltr'><strong>Boeckh.</strong></span> <span class='ocrx_word' id='word_1_179' title='bbox 416 2017 534 2064; x_wconf 83' lang='lat' dir='ltr'><strong>Nott.</strong></span> <span class='ocrx_word' id='word_1_180' title='bbox 573 2015 695 2063; x_wconf 74' lang='lat' dir='ltr'><strong>Criu.</strong></span> <span class='ocrx_word' id='word_1_181' title='bbox 730 2014 859 2062; x_wconf 85' lang='lat' dir='ltr'><strong>Pind.</strong></span> <span class='ocrx_word' id='word_1_182' title='bbox 897 2015 1023 2062; x_wconf 86' lang='lat' dir='ltr'><strong>Nem.</strong></span> <span class='ocrx_word' id='word_1_183' title='bbox 1059 2013 1148 2069; x_wconf 84' lang='lat' dir='ltr'><strong>VI,</strong></span> <span class='ocrx_word' id='word_1_184' title='bbox 1182 2013 1259 2060; x_wconf 86' lang='grc'><strong>41.</strong></span> <span class='ocrx_word' id='word_1_185' title='bbox 1329 2010 1480 2060; x_wconf 78' lang='lat' dir='ltr'><strong>Ludos</strong></span> <span class='ocrx_word' id='word_1_186' title='bbox 1517 2011 1673 2059; x_wconf 79' lang='lat' dir='ltr'><strong>Croto-</strong></span> 
     </span>
     <span class='ocr_line' id='line_1_24' title="bbox 193 2091 1671 2157; baseline -0.004 -13"><span class='ocrx_word' id='word_1_187' title='bbox 193 2098 411 2145; x_wconf 86' lang='lat' dir='ltr'><strong>niatarum</strong></span> <span class='ocrx_word' id='word_1_188' title='bbox 440 2108 479 2144; x_wconf 86' lang='lat' dir='ltr'><strong>et</strong></span> <span class='ocrx_word' id='word_1_189' title='bbox 507 2094 967 2143; x_wconf 82' lang='lat' dir='ltr'><strong>circumhabitantium</strong></span> <span class='ocrx_word' id='word_1_190' title='bbox 997 2092 1219 2140; x_wconf 85' lang='lat' dir='ltr'><strong>civitatum</strong></span> <span class='ocrx_word' id='word_1_191' title='bbox 1243 2091 1349 2140; x_wconf 80' lang='lat' dir='ltr'><strong>dicit</strong></span> <span class='ocrx_word' id='word_1_192' title='bbox 1363 2091 1511 2140; x_wconf 86' lang='lat' dir='ltr'><strong>nescio</strong></span> <span class='ocrx_word' id='word_1_193' title='bbox 1538 2110 1671 2157; x_wconf 86' lang='lat' dir='ltr'><strong>quos:</strong></span> 
     </span>
     <span class='ocr_line' id='line_1_25' title="bbox 190 2168 1670 2241; baseline -0.003 -18"><span class='ocrx_word' id='word_1_194' title='bbox 190 2175 381 2224; x_wconf 80' lang='lat' dir='ltr'><strong>conferri</strong></span> <span class='ocrx_word' id='word_1_195' title='bbox 415 2186 601 2241; x_wconf 89' lang='lat' dir='ltr'><strong>possunt</strong></span> <span class='ocrx_word' id='word_1_196' title='bbox 635 2192 747 2238; x_wconf 86' lang='lat' dir='ltr'><strong>quae</strong></span> <span class='ocrx_word' id='word_1_197' title='bbox 768 2168 834 2220; x_wconf 71' lang='lat' dir='ltr'><strong>&#39;ex</strong></span> <span class='ocrx_word' id='word_1_198' title='bbox 868 2171 1052 2220; x_wconf 89' lang='lat' dir='ltr'><strong>Timaeo</strong></span> <span class='ocrx_word' id='word_1_199' title='bbox 1086 2183 1239 2219; x_wconf 84' lang='lat' dir='ltr'><strong>narrat</strong></span> <span class='ocrx_word' id='word_1_200' title='bbox 1273 2171 1431 2219; x_wconf 87' lang='lat' dir='ltr'><strong>Athen.</strong></span> <span class='ocrx_word' id='word_1_201' title='bbox 1467 2170 1583 2228; x_wconf 82' lang='lat' dir='ltr'>XII,</span> <span class='ocrx_word' id='word_1_202' title='bbox 1629 2191 1670 2237; x_wconf 83' lang='lat' dir='ltr'><strong>p.</strong></span> 
     </span>
     <span class='ocr_line' id='line_1_26' title="bbox 189 2250 1670 2318; baseline -0.004 -14"><span class='ocrx_word' id='word_1_203' title='bbox 189 2259 310 2314; x_wconf 80' lang='lat'>522,</span> <span class='ocrx_word' id='word_1_204' title='bbox 359 2256 405 2302; x_wconf 88' lang='lat' dir='ltr'><strong>C.</strong></span> <span class='ocrx_word' id='word_1_205' title='bbox 462 2253 537 2300; x_wconf 92' lang='lat' dir='ltr'><strong>Ob</strong></span> <span class='ocrx_word' id='word_1_206' title='bbox 583 2272 693 2318; x_wconf 86' lang='lat' dir='ltr'><strong>quas</strong></span> <span class='ocrx_word' id='word_1_207' title='bbox 738 2251 940 2300; x_wconf 86' lang='lat' dir='ltr'><strong>victorias</strong></span> <span class='ocrx_word' id='word_1_208' title='bbox 975 2263 1163 2299; x_wconf 83' lang='lat' dir='ltr'><strong>statuam</strong></span> <span class='ocrx_word' id='word_1_209' title='bbox 1209 2251 1254 2299; x_wconf 89' lang='lat' dir='ltr'><strong>in</strong></span> <span class='ocrx_word' id='word_1_210' title='bbox 1291 2250 1454 2318; x_wconf 81' lang='lat' dir='ltr'><strong>templo</strong></span> <span class='ocrx_word' id='word_1_211' title='bbox 1488 2250 1670 2299; x_wconf 80' lang='lat' dir='ltr'><strong>Iunonis</strong></span> 
     </span>
     <span class='ocr_line' id='line_1_27' title="bbox 186 2335 642 2400; baseline -0.011 -16"><span class='ocrx_word' id='word_1_212' title='bbox 186 2335 390 2384; x_wconf 84' lang='lat' dir='ltr'><strong>Laciniae</strong></span> <span class='ocrx_word' id='word_1_213' title='bbox 425 2344 642 2400; x_wconf 85' lang='lat' dir='ltr'><strong>posuerat.</strong></span> 
     </span>
    </p>

    <p class='ocr_par' dir='ltr' id='par_1_4' title="bbox 120 2408 1665 2792">
     <span class='ocr_line' id='line_1_28' title="bbox 120 2408 1665 2479; baseline -0.006 -15"><span class='ocrx_word' id='word_1_214' title='bbox 120 2426 183 2470; x_wconf 79' lang='grc'><strong>29</strong></span> <span class='ocrx_word' id='word_1_215' title='bbox 323 2414 473 2479; x_wconf 85' lang='lat' dir='ltr'><strong>Pergit</strong></span> <span class='ocrx_word' id='word_1_216' title='bbox 514 2412 719 2460; x_wconf 88' lang='lat' dir='ltr'><strong>Photius:</strong></span> <span class='ocrx_word' id='word_1_217' title='bbox 753 2408 903 2458; x_wconf 75' lang='grc' dir='ltr'><strong><em>’Ἐνιοι</em></strong></span> <span class='ocrx_word' id='word_1_218' title='bbox 949 2411 995 2456; x_wconf 82' lang='grc' dir='ltr'><strong>δὲ</strong></span> <span class='ocrx_word' id='word_1_219' title='bbox 1037 2414 1172 2456; x_wconf 85' lang='grc' dir='ltr'><strong><em>τοῦτο</em></strong></span> <span class='ocrx_word' id='word_1_220' title='bbox 1219 2408 1268 2456; x_wconf 76' lang='grc' dir='ltr'><strong>τό</strong></span> <span class='ocrx_word' id='word_1_221' title='bbox 1311 2413 1418 2464; x_wconf 79' lang='grc' dir='ltr'><strong><em>ἔθος</em></strong></span> <span class='ocrx_word' id='word_1_222' title='bbox 1461 2408 1551 2456; x_wconf 63' lang='lat' dir='ltr'><strong>dud</strong></span> <span class='ocrx_word' id='word_1_223' title='bbox 1585 2416 1665 2467; x_wconf 80' lang='grc' dir='ltr'><strong>Θη-</strong></span> 
     </span>
     <span class='ocr_line' id='line_1_29' title="bbox 187 2487 1665 2553; baseline -0.005 -11"><span class='ocrx_word' id='word_1_224' title='bbox 187 2498 297 2549; x_wconf 81' lang='grc' dir='ltr'><strong><em>σέως</em></strong></span> <span class='ocrx_word' id='word_1_225' title='bbox 338 2491 419 2553; x_wconf 75' lang='grc' dir='ltr'><strong>τήν</strong></span> <span class='ocrx_word' id='word_1_226' title='bbox 465 2490 608 2553; x_wconf 73' lang='grc' dir='ltr'><strong><em>ἀρχήν</em></strong></span> <span class='ocrx_word' id='word_1_227' title='bbox 654 2497 823 2549; x_wconf 83' lang='grc' dir='ltr'><strong><em>λαβεῖν.</em></strong></span> <span class='ocrx_word' id='word_1_228' title='bbox 879 2492 1051 2537; x_wconf 81' lang='grc' dir='ltr'><strong><em>ἐκεῖνον</em></strong></span> <span class='ocrx_word' id='word_1_229' title='bbox 1100 2487 1184 2549; x_wconf 69' lang='grc' dir='ltr'><strong>γάρ</strong></span> <span class='ocrx_word' id='word_1_230' title='bbox 1232 2491 1280 2536; x_wconf 81' lang='grc' dir='ltr'><strong><em>ἐκ</em></strong></span> <span class='ocrx_word' id='word_1_231' title='bbox 1327 2488 1510 2550; x_wconf 74' lang='grc' dir='ltr'><strong><em>Κρήτης</em></strong></span> <span class='ocrx_word' id='word_1_232' title='bbox 1549 2499 1665 2546; x_wconf 71' lang='grc' dir='ltr'><strong><em>κομι-</em></strong></span> 
     </span>
     <span class='ocr_line' id='line_1_30' title="bbox 185 2565 1663 2633; baseline -0.005 -12"><span class='ocrx_word' id='word_1_233' title='bbox 185 2577 348 2621; x_wconf 80' lang='grc' dir='ltr'><strong><em>σθέντα</em></strong></span> <span class='ocrx_word' id='word_1_234' title='bbox 383 2571 487 2633; x_wconf 78' lang='grc' dir='ltr'><strong><em>μετοέ</em></strong></span> <span class='ocrx_word' id='word_1_235' title='bbox 521 2569 573 2618; x_wconf 81' lang='grc' dir='ltr'><em>τό</em></span> <span class='ocrx_word' id='word_1_236' title='bbox 609 2569 781 2616; x_wconf 80' lang='grc' dir='ltr'><strong><em>οἷνελεῑν</em></strong></span> <span class='ocrx_word' id='word_1_237' title='bbox 815 2568 895 2616; x_wconf 83' lang='grc' dir='ltr'><strong>τὸν</strong></span> <span class='ocrx_word' id='word_1_238' title='bbox 931 2568 1234 2629; x_wconf 79' lang='grc' dir='ltr'><strong><em>Μινώταυρον</em></strong></span> <span class='ocrx_word' id='word_1_239' title='bbox 1270 2573 1316 2614; x_wconf 84' lang='grc' dir='ltr'><strong>οἱ</strong></span> <span class='ocrx_word' id='word_1_240' title='bbox 1346 2565 1439 2615; x_wconf 61' lang='lat' dir='ltr'><strong>dm?</strong></span> <span class='ocrx_word' id='word_1_241' title='bbox 1468 2570 1549 2627; x_wconf 63' lang='grc' dir='ltr'><strong>τῆς</strong></span> <span class='ocrx_word' id='word_1_242' title='bbox 1582 2567 1663 2626; x_wconf 75' lang='grc' dir='ltr'><strong>χώ-</strong></span> 
     </span>
     <span class='ocr_line' id='line_1_31' title="bbox 184 2650 1664 2714; baseline -0.005 -14"><span class='ocrx_word' id='word_1_243' title='bbox 184 2674 264 2714; x_wconf 81' lang='grc' dir='ltr'><strong><em>ρας</em></strong></span> <span class='ocrx_word' id='word_1_244' title='bbox 299 2651 455 2700; x_wconf 71' lang='grc' dir='ltr'><strong><em>ἄνθεσι</em></strong></span> <span class='ocrx_word' id='word_1_245' title='bbox 489 2654 562 2699; x_wconf 87' lang='grc' dir='ltr'><strong>καὶ</strong></span> <span class='ocrx_word' id='word_1_246' title='bbox 596 2650 785 2710; x_wconf 81' lang='grc' dir='ltr'><strong><em>φύλλοις</em></strong></span> <span class='ocrx_word' id='word_1_247' title='bbox 820 2653 1008 2710; x_wconf 81' lang='grc' dir='ltr'><strong><em>ἔβαλλον</em></strong></span> <span class='ocrx_word' id='word_1_248' title='bbox 1043 2651 1115 2695; x_wconf 82' lang='grc' dir='ltr'><strong>καὶ</strong></span> <span class='ocrx_word' id='word_1_249' title='bbox 1141 2655 1235 2703; x_wconf 79' lang='grc' dir='ltr'><strong><em>τοῖς</em></strong></span> <span class='ocrx_word' id='word_1_250' title='bbox 1258 2651 1453 2708; x_wconf 78' lang='grc' dir='ltr'><strong><em>παροῦσι</em></strong></span> <span class='ocrx_word' id='word_1_251' title='bbox 1475 2655 1664 2705; x_wconf 79' lang='grc' dir='ltr'><strong><em>καρποῖς</em></strong></span> 
     </span>
     <span class='ocr_line' id='line_1_32' title="bbox 183 2726 1661 2792; baseline -0.004 -13"><span class='ocrx_word' id='word_1_252' title='bbox 183 2736 353 2792; x_wconf 78' lang='grc' dir='ltr'><strong><em>ἐτίμων.</em></strong></span> <span class='ocrx_word' id='word_1_253' title='bbox 419 2731 552 2780; x_wconf 85' lang='lat' dir='ltr'><strong>Haud</strong></span> <span class='ocrx_word' id='word_1_254' title='bbox 589 2730 780 2780; x_wconf 86' lang='lat' dir='ltr'><strong>absurde</strong></span> <span class='ocrx_word' id='word_1_255' title='bbox 816 2729 944 2778; x_wconf 87' lang='lat' dir='ltr'><strong>nobis</strong></span> <span class='ocrx_word' id='word_1_256' title='bbox 980 2727 1180 2776; x_wconf 79' lang='lat' dir='ltr'><strong>videmur</strong></span> <span class='ocrx_word' id='word_1_257' title='bbox 1216 2740 1415 2783; x_wconf 75' lang='lat' dir='ltr'><strong>statuere,</strong></span> <span class='ocrx_word' id='word_1_258' title='bbox 1450 2726 1525 2792; x_wconf 82' lang='lat' dir='ltr'><strong>qui</strong></span> <span class='ocrx_word' id='word_1_259' title='bbox 1556 2727 1661 2774; x_wconf 74' lang='lat' dir='ltr'><strong>hae«-</strong></span> 
     </span>
    </p>
   </div>
  </div>
 </body>
</html>
