1826 3080
913 109 976 156 14

619 323 661 356 V.
734 308 1039 358 'EIIINIKOI
1066 309 1266 359 ὨιΔΛΙ.

335 411 542 459 Carmina
586 411 787 477 Epinieia
829 411 1075 461 Pindaricis
1123 412 1449 478 magnificentia
1501 415 1681 482 postha—

200 490 302 538 bere
336 489 510 539 videtur
543 490 901 560 Theophylactus
943 492 1080 560 Epist.
1117 493 1162 542 8.
1207 493 1267 542 ad
1302 493 1683 560 Opheomachum‚

201 590 238 635 p.
281 571 354 618 14.
391 571 554 619 Meurs.
601 571 786 618 Γένοιτό
817 590 893 631 μοι
934 570 1017 620 τὸν
1051 570 1161 632 ἐμὸν
1195 575 1373 635 ἑταῖρον
1406 573 1684 635 Ὀλυμπιονί-

198 670 281 707 κην
317 649 528 697 ἀκοῦσαι·
565 649 677 710 τάχα
708 648 793 711 γοῖρ
829 648 886 698 ἄν
920 664 992 699 σοι
1017 655 1090 699 καὶ
1115 655 1360 709 ἐπινικίους
1383 653 1683 718 προςᾴσωμαι,

200 729 333 775 οὐδὲν
378 728 638 789 ἀτιμότερον
683 735 791 777 τῶν
831 735 1205 790 Βακχνλιδῶν
1246 730 1274 791 ἢ
1318 738 1684 793 Σιμωνιδῶν,

197 816 303 863 ἴσως
347 812 419 855 καὶ
461 807 575 870 πρός
617 807 699 868 τήν
742 811 865 875 (τοῦ)
908 814 1113 857 Βοιωτοῦ
1158 811 1303 871 λύραν
1338 811 1681 873 ἅρμοζομένους.

196 888 485 937 Grammatici
532 889 640 937 haec
683 890 879 938 carmina
925 909 1050 939 secus
1103 909 1153 939 ac
1199 891 1436 940 Pindarica
1478 892 1685 942 videntur

195 969 487 1035 descripsisse.
565 969 770 1034 Namque
814 970 886 1017 Fr.
924 970 1008 1017 XI.
1045 970 1203 1018 citatur
1235 976 1493 1031 Σιμωνίδης
1526 975 1577 1020 ἐν
1613 979 1685 1020 Τε-

204 1053 435 1105 θρίπποις,
473 1047 544 1095 Fr.
580 1049 742 1096 XVIII.
779 1051 830 1096 ἐν
862 1048 1168 1105 Πεντάθλοιςε
1203 1050 1322 1099 unde
1356 1070 1409 1100 ex
1442 1052 1574 1101 variis
1608 1071 1683 1117 ge-

195 1127 374 1175 neribus
408 1128 691 1176 victoriarum
736 1127 939 1177 ordinem
984 1129 1231 1177 carminum
1267 1130 1513 1180 institutum
1549 1131 1683 1181 fuisse

196 1207 514 1270 cognoscimus,
561 1208 734 1256 Pariter
768 1208 1008 1257 nobiliores
1044 1207 1246 1257 victorias
1282 1208 1404 1275 apud
1436 1209 1683 1259 Pindarum

196 1298 545 1352 praeposuerunt
589 1287 736 1336 minus
793 1287 1068 1345 honorifici&
1120 1287 1362 1353 quadrigas
1410 1302 1452 1339 et
1495 1290 1682 1340 rhedam

199 1365 408 1414 mularem
447 1367 616 1424 cursui,
652 1366 816 1426 luctae,
853 1367 987 1416 disco.
1346 1351 1358 1365 ⁰

556 1516 619 1552 XI.
681 1503 940 1553 ΙἈΛΗΛΩι
977 1511 1327 1553 ΤΕΘΡΙΠΠΩι.

327 1604 573 1653 Scholiasta
608 1606 833 1672 Aristoph.
870 1605 981 1671 qu.
1017 1606 1155 1665 404„
1191 1607 1290 1672 (ubi
1324 1619 1412 1656 est:

314 1682 512 1743 ’Ἀισαιμι
530 1682 615 1745 γαρ
635 1683 724 1731 τότ’
757 1682 814 1731 ἂν
837 1685 1004 1744 μόνον·
1036 1693 1162 1743 Πῖνε,
1186 1687 1275 1734 πῖν’
1307 1689 1379 1733 ἐπὶ
1400 1691 1683 1749 συμφοραῖς.)

194 1764 326 1819 Τότε,
385 1768 547 1822 φησίν,
610 1764 823 1827 ἐπᾴσαιμί
873 1778 943 1811 σοι
999 1762 1061 1811 τό
1119 1770 1445 1825 Σιμωνίδου
1497 1768 1681 1825 μέλος·

193 1851 345 1899 Πῖνε,
395 1842 508 1890 πῖν’
559 1847 616 1891 ἐν
660 1851 780 1900 ταῖς
826 1851 1162 1904 συμφοραῖς.
1209 1848 1258 1892 ἐκ
1291 1848 1382 1893 τῶν
1415 1850 1680 1904 Σιμωνίδου

190 1924 235 1967 δὲ
281 1926 416 1969 τοῦτο
457 1928 740 1985 Τεθρίππων.
789 1922 840 1971 τό
892 1925 939 1970 δὲ
975 1932 1230 1985 συμφοραῖς
1262 1924 1328 1973 ἐπ’
1365 1927 1555 1981 ἐσθλοῖς.
1589 1930 1681 1973 τῶν

191 2005 338 2058 μέσων
372 2000 457 2062 γάρ
490 2002 520 2062 ἦ
559 2003 783 2063 συμφορά.

325 2082 577 2131 Simonides
615 2083 725 2148 quid
760 2083 984 2150 scripserit
1016 2102 1108 2131 non
1143 2095 1287 2150 potest
1319 2083 1500 2149 ambigi,
1535 2084 1572 2132 si
1605 2084 1682 2150 qui

191 2163 449 2220 meminerit,
484 2163 617 2211 istum
653 2162 918 2211 versiculum
955 2164 1174 2230 excepisse
1201 2163 1336 2212 alium
1366 2165 1442 2230 qui
1468 2176 1532 2213 est
1559 2163 1682 2231 apud

193 2241 347 2291 Athen.
387 2242 457 2308 X,
501 2260 545 2308 p.
581 2241 703 2298 447,
752 2242 805 2289 A.
880 2246 1024 2289 Τοῦτο
1059 2241 1143 2303 γάρ
1179 2251 1343 2291 παθεῖν
1381 2243 1437 2291 οὐ
1470 2244 1682 2291 δύνανται

191 2326 236 2364 ιη’
269 2318 346 2367 τόν
381 2317 491 2366 κατα
526 2325 855 2380 Σιμωνίδην
891 2326 1095 2377 πίνοντες

459 2433 598 2482 Οἶνον
634 2434 871 2496 α’μύντορα
904 2437 1276 2497 δυςφροσυνάων.

191 2563 301 2608 Hinc
350 2558 629 2625 intelligitur,
673 2562 744 2607 ἑνὶ
788 2569 1042 2622 συμφοραῖς
1082 2562 1310 2629 scripsisse
1345 2572 1544 2627 poetam,
1588 2578 1679 2608 non

188 2644 272 2694 ἐπὶ,
309 2639 587 2706 eundemque
622 2640 860 2701 συμφοροές
897 2641 951 2690 de
996 2641 1171 2689 fortuna
1208 2642 1391 2690 adversa
1418 2657 1678 2706 usurpasse:

187 2720 309 2767 aliter
349 2720 671 2787 Aristophanes
708 2720 983 2771 Simonidem
1027 2723 1273 2787 exagitans,
1318 2722 1392 2787 qui
1437 2731 1478 2768 et
1514 2734 1683 2779 συμφο-
