1826 3080
870 103 975 139 xml

189 223 277 284 γῆν
318 226 409 271 τῶν
455 222 712 283 ὀνομάτων,
759 228 838 283 τῆς
876 225 1132 279 συνθέσεως
1169 243 1252 284 την
1283 226 1531 286 ἀκρίβειαν.
1592 228 1666 277 Ab

194 303 348 352 eodem
392 303 611 372 Dionysio
656 315 908 353 accensetur
949 304 1004 352 iis
1046 303 1213 370 poetis,
1256 306 1332 370 qui
1364 307 1427 368 τῷ
1458 309 1668 367 ιῆφιγλα»

194 386 344 443 φυρᾶς
393 387 465 430 καὶ
516 383 720 443 ἀνθηρᾶς
775 384 1028 438 συνθέσεως
1078 388 1322 443 χαρακτῆρι
1359 383 1667 435 ειῢεΠιίαἰιιῒ·

195 463 398 530 Compos
445 462 608 511 Verbb.
651 462 823 519 XXIII,
867 481 910 529 Ρ
956 463 1066 512 342.
1125 463 1343 513 Schaefer.
1411 463 1669 529 'Eam

193 543 274 601 μὲν
318 537 403 588 οὖν
449 544 579 600 ἔγωγε
622 541 805 600 μάλιστα
847 547 1011 601 νομίζω
1063 546 1242 590 τουτονὶ
1263 553 1269 560 ”
1289 541 1371 590 τόν
1415 546 1669 605 χαριιαῆῇα

195 620 566 681 ἑπεξεργάσασθαι
598 619 828 668 Ἡσίοδον·
878 627 1127 681 μελοποιῶν
1162 625 1211 670 δὲ
1243 619 1427 682 Σαπφοῖ
1459 625 1533 669 καὶ
1562 618 1671 683 μετὰ

194 700 358 758 ταύτην
393 700 691 760 Ἀνακρέοντά
725 719 769 747 τε
804 703 876 747 καὶ
907 706 1174 761 Σιμωνίδην.
1251 702 1405 768 Neque
1440 700 1565 751 aliter
1597 718 1663 749 ar·

194 779 381 826 bitratur
425 778 749 842 Quinctilianus
794 779 931 828 lnstit.
985 781 1107 828 Orat.
1142 784 1206 840 X,
1255 782 1306 839 1,
1342 782 1417 830 64.
1486 779 1670 828 „Simo-

193 858 319 907 nides
354 859 494 907 tenuis
532 858 708 925 alioqui,
743 879 944 908 sermone
977 861 1158 926 proprio
1193 873 1235 909 et
1270 858 1668 925 iucunditatequ-

195 939 298 987 dam
334 937 633 986 commendari
667 950 858 1004 potest«
927 940 1274 988 Tenuitatem
1311 957 1412 988 cum
1447 938 1557 988 lacte
1589 939 1670 987 Jo-

195 1021 293 1067 niae
349 1019 516 1067 hausit:
574 1037 879 1067 sermonem
934 1019 1218 1085 proprium
1274 1019 1470 1068 Atticum
1525 1017 1670 1067 solum

195 1098 443 1147 transfudit.
518 1097 807 1145 Admiramur
849 1096 1068 1163 hodieque
1111 1095 1192 1157 τήν
1225 1095 1412 1157 ἐκλογήν
1445 1083 1536 1144 τῶν
1570 1096 1671 1144 ὄνο-

194 1177 344 1236 μάτων
373 1189 414 1225 ct
432 1181 509 1236 τῆς
527 1179 778 1231 συνθέσεως
801 1175 883 1236 τήν
905 1176 1145 1237 ἀκρίβειαν,
1179 1177 1311 1226 veluti
1336 1177 1384 1225 in
1400 1177 1479 1226 Fr.
1501 1175 1670 1225 Threni

193 1258 264 1314 L.‚
298 1257 344 1304 in
380 1276 468 1322 quo
502 1258 658 1305 Danaa
693 1275 891 1308 maerens
925 1257 1171 1305 inducitur:
1217 1257 1340 1323 quod
1382 1266 1560 1324 carmen
1591 1275 1670 1324 pe·

195 1337 327 1384 destri
382 1337 573 1384 sermoni
629 1337 881 1402 proximum
932 1348 1078 1385 censet
1120 1337 1382 1404 Dionysius:
1439 1335 1556 1386 adde
1595 1337 1670 1387 Fr.

195 1417 283 1463 Inc.
307 1416 559 1473 CXXVIII„
595 1416 671 1463 ubi
694 1435 815 1464 mare
848 1416 1024 1464 flatibus
1060 1428 1285 1463 ventorum
1323 1416 1477 1465 leniter
1500 1427 1671 1465 motum

195 1507 515 1543 monstraturus
559 1515 695 1561 quum
741 1499 847 1556 φρὶξ
889 1495 1048 1552 oritur,
1093 1493 1198 1542 dicit
1239 1490 1382 1554 αὐτήν
1422 1498 1495 1542 καὶ
1537 1498 1673 1552 δεῖξαι

195 1574 485 1634 πειρώμενος·

552 1684 625 1740 Ἐς
659 1682 758 1733 ἅλα.
780 1690 970 1742 στίζοισα
1004 1686 1135 1733 πνοοὶ.

194 1812 317 1859 Idem
361 1823 532 1868 tamen,
579 1809 657 1858 ubi
702 1829 770 1858 res
816 1810 1093 1876 postulabat,
1139 1823 1284 1878 spreta
1325 1810 1568 1860 humilitate
1613 1808 1672 1860 ad

194 1891 375 1939 Pindari
411 1890 838 1956 grandiloqucntiam
873 1892 1129 1949 assurrexit,
1171 1892 1234 1940 uti
1281 1891 1327 1939 in
1362 1890 1672 1960 dithyrambis,

195 1971 354 2037 quibus
403 1971 722 2036 quinquaginta
775 1988 850 2018 sex
892 1971 1094 2020 victorias
1138 1970 1396 2038 reportavit;
1424 1970 1672 2019 ·Him'nrius

198 2050 320 2097 Orat.
369 2050 462 2107 Ill,
515 2051 554 2097 1.
619 2054 874 2109 Σιμωνίδης
906 2054 979 2097 καὶ
1010 2055 1239 2111 Πίνδαρος
1270 2051 1494 2110 ἀγέρωχοί
1520 2047 1675 2098 2⁹8³&-

196 2147 264 2182 τες
298 2131 370 2174 καὶ
402 2127 651 2187 ὑψαύχενες
686 2126 846 2189 ἅφετοί
883 2147 928 2175 τε
971 2132 1044 2175 καὶ
1078 2133 1160 2187 ἔξω
1196 2132 1368 2190 μέτρων
1402 2128 1669 2191 ἀθύρουσιν.

196 2208 252 2255 Et
295 2206 528 2255 Theocrito
573 2227 747 2273 quoque
792 2220 855 2256 est
903 2205 1046 2263 δεινός
1092 2206 1246 2264 οἶοιδός
1287 2205 1311 2256 ὁ
1356 2207 1498 2268 Κήῖος
1542 2207 1674 2256 αἰόλα

195 2287 388 2346 φωνέων
421 2286 634 2345 βάρβιτον
668 2290 713 2341 ἐς
746 2285 1045 2348 πολύχορδον.

330 2364 581 2414 Excellebat
616 2379 761 2415 autem
795 2367 1078 2416 suavissimus
1111 2378 1240 2433 poeta
1273 2369 1326 2427 τῇ
1361 2368 1468 2426 περὶ
1494 2363 1548 2413 vti
1566 2378 1672 2424 συμ-

191 2446 336 2499 παθὲς
363 2444 610 2504 λεπτότητι,
649 2446 894 2495 Grammat.
928 2447 998 2495 vit.
1033 2446 1189 2510 Aesch.
1223 2464 1268 2512 p.
1302 2445 1421 2494 XIV.
1448 2442 1671 2494 Ditdorf·

194 2525 343 2587 Quam
379 2524 436 2573 ob
473 2543 672 2573 caussam
708 2526 752 2573 in
790 2526 955 2575 threnis
989 2538 1030 2575 et
1063 2525 1197 2591 elegis
1232 2522 1671 2589 omnibumejmdem

193 2604 365 2667 generis
398 2605 538 2670 poetis
574 2605 702 2670 longe
737 2595 950 2655 antelatus
985 2617 1048 2654 est
1084 2617 1127 2654 et
1170 2604 1227 2653 ab
1263 2624 1368 2654 suae
1401 2603 1552 2652 aetatis
1589 2602 1670 2651 ho—

192 2683 385 2731 minibus
421 2697 458 2731 et
497 2705 520 2732 a
557 2685 773 2734 veteribus
808 2686 1042 2751 magistris,
1078 2704 1113 2731 v.
1149 2685 1333 2733 Praefat.
1368 2682 1668 2731 Thi-enorum:
