1826 3080
212 575 257 619 A
293 571 442 628 divis,
489 570 653 636 inquit,
701 571 853 619 bona:
899 571 1004 618 sine
1039 571 1104 618 iis
1139 571 1268 619 enim
1303 573 1357 619 in
1390 572 1687 622 mortalibus

211 649 344 698 nihil
397 668 493 697 non
548 649 816 722 calamitas
869 659 949 698 est.
1036 650 1246 700 Similiter
1303 652 1530 719 Theognis
1575 654 1683 712 127„

211 729 436 778 Welcker.

276 817 405 864 Θεοῖς
439 806 590 868 εὔχου,
626 815 719 863 τοῖς
753 811 842 855 ἐστὶ
875 811 982 869 μέγα
1011 808 1191 869 κράτος·
1230 808 1288 857 οὔ
1321 830 1361 856 τι
1395 807 1497 871 ἄτερ
1530 815 1617 857 θεᾶ
1624 830 1652 856 ν

273 894 462 948 γίκγνεται
495 887 780 947 ἀνθρώποις,
819 884 910 934 οὔτ’
936 887 1078 948 ,ἀγάθ’
1117 887 1219 936 οὔτε
1252 891 1377 937 κακά.

207 968 342 1031 Quod
377 966 588 1034 Epinieiis
624 966 708 1015 boc
743 967 814 1015 Fr.
851 967 1163 1026 acoensuimus,
1197 967 1323 1017 valde
1358 969 1574 1016 incertum
1608 980 1680 1016 est.

206 1049 318 1096 Cum
354 1065 481 1095 versu
516 1050 558 1093 2.
596 1045 749 1093 confer
782 1045 938 1094 Aesch.
973 1046 1237 1095 Eumenidd.
1273 1047 1383 1097 498.
1433 1044 1567 1105 Τίςῆ
1604 1047 1687 1094 καῖέ

204 1135 268 1180 λις
313 1125 475 1185 βροτός
515 1124 559 1171 θ’
606 1124 773 1183 ὁμοίως
819 1124 872 1172 ἔτ’
923 1123 980 1171 ἂν
1029 1128 1151 1186 σέβοι
1186 1131 1325 1174 δίκαν.
1407 1127 1500 1174 Nos
1536 1127 1680 1173 Stant

203 1204 310 1253 und
343 1203 674 1252 Individuum.
1131 1227 1135 1232 ⁴

899 1374 982 1420 VI.

754 1473 1119 1522 ζΤΜΝΟῙ.

332 1598 469 1663 Quod
495 1597 771 1646 Simonidem
797 1599 974 1646 Tzetzes
997 1596 1216 1645 Chiliadd.
1235 1598 1354 1656 VIII,
1373 1599 1486 1647 228.
1519 1597 1672 1646 lauda-

198 1679 326 1727 tionis
361 1694 599 1744 puerorum
636 1679 811 1738 (αἴνους
845 1680 1036 1738 παίδων)
1069 1676 1255 1742 pecunia
1289 1676 1539 1742 redemptas
1565 1676 1672 1725 scri-

195 1760 333 1825 psisse
367 1768 541 1812 narrat,
579 1755 635 1803 ab
670 1755 848 1823 hymnis
883 1756 1080 1804 Deorum
1114 1773 1271 1803 manus
1306 1755 1592 1813 abstinuisse,
1626 1756 1671 1803 in

195 1841 516 1887 Anacreontem
551 1833 598 1881 id
633 1834 871 1901 speciosius
904 1835 1008 1900 jacit
1042 1833 1188 1882 Schol.
1210 1834 1339 1882 Pind.
1368 1834 1520 1883 Isthm.
1547 1834 1604 1892 11,
1632 1835 1669 1882 1.

195 1916 285 1965 Sed
319 1935 374 1964 ne
408 1915 454 1963 in
491 1932 591 1963 eum
627 1913 805 1979 quidem
840 1914 936 1978 jure
975 1913 1058 1961 hoc
1092 1912 1269 1962 luditur.

493 2061 659 2097 xxx1v.
722 2055 835 2096 ΕΙΣ
869 2052 983 2097 AIA
1017 2020 1365 2098 'OAYMHION

330 2152 494 2199 Himer.
532 2149 655 2198 Orat.
692 2153 752 2207 V,
787 2153 831 2198 2.
898 2148 1064 2197 Ἠλεῖοί
1096 2166 1201 2196 ποτε
1233 2152 1312 2209 τῆς
1346 2154 1669 2209 Σιμωνίδου

192 2231 331 2290 λύρας
364 2228 603 2288 λαβόμενοι
618 2266 628 2284 ,
665 2226 739 2276 ὅτε
771 2231 843 2276 ἐπὶ
876 2227 957 2288 τήν
991 2233 1136 2276 Πίσαν
1172 2231 1403 2285 ἔσπευδεν,
1438 2225 1565 2292 ὕμνῳ
1598 2247 1668 2276 κο-

195 2314 356 2369 σμῆσαι
390 2308 470 2356 τὸν
503 2313 607 2363 Δία,
643 2311 829 2369 δημοσίᾳ
865 2312 995 2368 φωνῇ
1032 2306 1114 2367 τήν
1150 2307 1263 2364 Διός
1282 2307 1415 2356 πόλιν
1442 2306 1534 2367 πρὸ
1557 2305 1669 2362 Auis

191 2390 315 2451 ᾅδειν
350 2391 563 2436 ἐκέλευον.
1343 2415 1345 2418 <

324 2469 459 2516 Poeta
494 2468 628 2532 igitur
663 2467 878 2535 hymnum
915 2483 1091 2515 exorsus
1132 2467 1179 2513 in
1221 2465 1368 2522 Iovem
1403 2463 1663 2533 Olympium

192 2549 448 2613 priusquam
510 2545 579 2594 dei
637 2546 774 2612 ipsius
830 2544 981 2594 laudes
1036 2545 1293 2603 celebraret,
1354 2542 1565 2592 laudabat
1618 2543 1664 2591 in

191 2627 416 2693 prooemio
459 2625 588 2674 Eleos
636 2638 676 2674 et
718 2625 874 2674 urbem
930 2624 1044 2672 lovis
1090 2623 1368 2692 Olympiam:
1417 2640 1520 2670 nam
1570 2620 1663 2670 Elei

190 2707 407 2773 hymnum
453 2705 738 2754 redemerant.
827 2705 876 2751 In
925 2703 1041 2751 hunc
1093 2703 1276 2752 modum
1327 2701 1509 2750 Himerii
1563 2719 1664 2750 nar-
