1826 3080
863 83 1051 119 XXXVIII

222 209 420 264 μωνίδου
464 205 704 264 ἄρξαμένη,
747 203 775 263 ἢ
818 207 891 251 καὶ
923 207 986 252 ἔτι
1018 207 1304 266 παλαιοτέρα,
1349 224 1412 254 ea'
1428 207 1610 275 inquam
1651 210 1688 259 si

221 296 335 333 recte
368 284 685 350 interpretaris,
729 303 818 331 non
854 284 1058 333 videntur
1089 285 1254 334 absona
1290 304 1393 334 esse.
1473 286 1688 337 Prodicus

221 364 339 414 enim
373 365 485 412 Ceus
519 374 568 410 ut
601 363 842 428 praeceptis
883 363 974 412 suis
1007 363 1215 429 juvenum
1249 365 1418 413 animos
1461 365 1688 417 adwinu-

217 454 304 492 tem
341 441 666 498 conformabat,
701 460 789 507 qua
823 442 870 490 in
906 442 1103 491 doctrina
1133 443 1373 492 Simonidis
1407 444 1476 492 sui
1509 446 1688 512 mtigIa

216 522 372 587 legisse
416 520 646 588 probabile
694 532 780 579 est,
823 521 883 569 ita
924 522 972 570 in
1006 522 1326 587 distinguendis
1361 523 1503 573 verbis
1537 536 1579 574 et
1609 531 1686 574 vo-

216 601 384 650 cabulis
430 603 500 664 (ἐν
545 601 750 659 διαιρέσει
791 605 883 647 τῶν
917 601 1151 661 ὀνομάτων
1184 605 1257 649 καὶ
1290 603 1518 669 ῥημάτων)
1559 602 1688 654 unioe

214 681 514 729 volutabatur:
548 692 678 746 poeta
713 692 857 728 autem
893 693 934 730 et
967 682 1061 747 ipse
1094 702 1268 731 summa
1302 682 1526 748 diligentia
1542 682 1687 732 verbe

214 779 427 826 vocesque
461 759 708 826 ponderare
742 759 930 819 solebat,
975 761 1092 809 unde
1126 760 1207 821 τήν
1242 761 1428 821 &domne
1462 765 1553 808 τῶν
1585 761 1688 810 ὀνο-

213 839 362 898 μάτων
403 840 447 887 in
500 858 551 887 eo
595 839 723 887 valde
763 839 935 888 laudari
971 841 1026 888 ab
1061 841 1278 909 Dionysio
1313 841 1687 890 Halicarnassenei

211 919 325 967 infra
383 918 669 984 disputamus.
758 919 904 968 Veluti
957 920 1000 967 in
1059 920 1252 968 carmine
1306 917 1476 986 Scopae
1524 920 1686 986 scripte

211 998 391 1046 Pittacei
428 997 531 1045 dicti
564 997 697 1046 verba
730 1017 829 1046 cum
851 999 1094 1065 pulvisculo
1119 1000 1291 1057 excutit,
1327 1000 1397 1047 Fr.
1419 999 1547 1065 Epiri.
1566 999 1684 1052 XH,:

210 1088 252 1125 et
283 1073 422 1135 ’γόους
455 1076 511 1124 ab
547 1081 704 1139 οἴκτῳ,
737 1090 778 1126 et
810 1077 950 1136 τύχαν
987 1098 1012 1126 a
1047 1078 1199 1141 πότμῳ
1234 1078 1561 1127 accuratissimo
1593 1077 1684 1126 dis-

210 1156 392 1204 crimine
426 1157 680 1205 internoscit
714 1157 785 1205 Fr.
822 1157 1003 1206 Encom.
1040 1157 1116 1205 IX.
1182 1168 1191 1177 ·

342 1236 593 1284 Simonides
627 1248 771 1284 autem
807 1255 981 1303 semper
1013 1237 1205 1286 habebat
1239 1237 1285 1284 in
1318 1249 1553 1303 promptu,
1587 1254 1683 1303 qno

206 1314 271 1362 vel
309 1314 416 1363 alios
450 1315 676 1363 lacesseret
711 1315 826 1381 ipse,
869 1315 936 1363 vel
985 1316 1107 1381 quod
1141 1315 1374 1377 sciscitanti
1408 1333 1509 1364 nont
1533 1315 1684 1364 inscite

206 1394 421 1461 extemplo
469 1406 699 1461 reponeret
742 1395 990 1461 quibusque
1014 1395 1270 1442 'consortia'
1287 1394 1567 1444 familiarium
1602 1394 1684 1443 ho-

206 1474 375 1522 minum
412 1474 620 1523 condiret.
689 1474 819 1522 Velut
853 1492 1112 1538 responsum
1148 1473 1279 1530 illud,
1322 1473 1444 1539 quod
1478 1474 1683 1522 Hieronis

204 1553 330 1600 uxori
366 1553 541 1600 dedisse
576 1553 809 1610 serebatur,
844 1573 881 1599 v.
918 1571 1050 1618 supra
1086 1553 1306 1617 p.XX11.‚
1342 1551 1408 1600 vel
1429 1551 1550 1618 quod
1575 1570 1681 1604 nar-

203 1642 274 1678 rat
306 1630 524 1678 Plutarch.
562 1631 788 1700 Symposs.
825 1633 902 1679 111.
944 1650 1138 1697 prooem.
1199 1635 1470 1690 Σιμωνίδης·
1497 1629 1522 1678 ὁ
1558 1649 1681 1691 nun·

202 1707 280 1768 τῆς
314 1711 364 1756 ἔν
395 1729 481 1756 τινι
515 1710 636 1773 πότῳ
671 1713 803 1766 ξένον
837 1708 944 1756 ἰδών
978 1713 1288 1768 κατακείμενον
1323 1714 1482 1771 σιωπῇ
1500 1714 1573 1757 καὶ
1603 1727 1679 1771 μη-

205 1791 297 1835 δενὶ
331 1790 664 1848 διαλεγόμενον,
690 1785 753 1838 Ὦ
789 1788 1025 1850 ἄνθρωπε,
1061 1790 1197 1845 εἶπεν,
1233 1794 1271 1836 εἰ
1304 1791 1385 1849 μὲν
1414 1788 1593 1849 ἠλίθιος
1625 1791 1678 1849 εἴ,

203 1866 352 1926 σοφόν
386 1873 565 1928 πρᾶγμα
599 1878 760 1926 ποιεῖς,
804 1875 843 1916 εἰ
875 1870 922 1915 δὲ
957 1865 1122 1927 σοφός,
1163 1866 1354 1927 ἠλίθιον.
1433 1869 1677 1935 Νοφιεῖὡ

202 1947 283 1995 hac
329 1960 453 2013 parte
499 1949 631 2013 hujus
677 1948 983 2016 disputationis
1026 1947 1191 2005 aliena,
1239 1966 1351 2013 quae
1392 1948 1439 1996 in
1482 1949 1678 1998 convivio

202 2026 322 2091 apud
372 2027 610 2076 Hieronem
655 2028 711 2076 de
754 2029 900 2095 lepore
946 2027 1031 2076 sibi
1077 2046 1166 2074 non
1222 2027 1423 2093 apposito
1465 2026 1677 2094 profudit,

203 2106 444 2153 Homerum
481 2105 627 2172 lepide
659 2107 920 2165 traducens,
952 2107 1102 2172 Epigr.
1139 2106 1427 2155 CCXXVIII.
1486 2146 1493 2154 .

336 2218 452 2265 Ου’δὲ
488 2218 571 2279 γάρ
610 2219 704 2266 οὐδ’
740 2219 877 2280 εὐρύς
911 2238 992 2280 περ
1028 2217 1116 2266 ἐών
1150 2221 1310 2276 ἐξίκετο
1347 2213 1491 2281 δεῦρο.

199 2342 328 2391 Adde
364 2362 475 2408 quae
510 2343 556 2391 in
592 2344 1167 2411 tyrannorum.Thessaliae
1202 2344 1429 2411 symposio
1463 2342 1673 2394 insimili

197 2440 349 2471 caussa
392 2421 698 2482 ἀπεσχεδίασε,
742 2424 811 2472 Fr.
847 2423 1112 2472 CCXXVII.
1191 2422 1249 2470 Hi
1293 2422 1356 2472 illi
1390 2434 1494 2472 sunt
1524 2421 1675 2483 εὐτρᾶ·

196 2508 320 2548 πελοι
354 2502 478 2561 λόγοι
513 2502 775 2560 Simonidis,
812 2522 922 2570 quos
957 2502 1229 2550 Stratonicus
1264 2502 1457 2551 imitatus
1491 2500 1672 2550 dicitur:

197 2580 400 2645 Ephorus
435 2601 502 2648 ap.
539 2582 695 2630 Athen.
734 2583 868 2638 VIII,
901 2601 943 2648 p.
979 2585 1099 2639 352,
1135 2582 1182 2629 C.
1261 2579 1469 2650 Ζηλωτής
1501 2582 1548 2627 δὲ
1580 2584 1672 2627 τῶν

195 2657 477 2718 εὐτραπέλων
520 2661 667 2719 λόγων
708 2661 880 2708 τούτων
923 2664 1093 2721 ἐγένετο
1130 2661 1154 2706 ὁ
1191 2661 1490 2721 Στρατόνικος
1522 2667 1669 2720 Σιμω-
