1826 3080
813 197 855 201 „-
877 198 881 200 -
913 125 1009 172 228

373 542 763 590 ADDENDA
819 542 913 590 ET
969 543 1536 594 CORRIGENDA.

359 813 431 861 Ad
466 833 507 880 p.
544 816 598 871 V,
633 813 657 861 1.
695 818 739 862 2.
807 812 1086 862 Boeckhius
1121 817 1170 862 C.
1201 818 1249 863 J.
1286 815 1402 881 lege:
1435 817 1487 865 G.
1510 817 1687 867 Inscrr.

225 893 278 940 ln
314 911 447 958 quam
482 905 648 959 partem
685 894 860 960 saepius
893 906 1119 961 peccatum
1153 893 1293 951 viden,
1327 907 1378 943 ut
1406 914 1450 962 p.
1474 896 1617 952 XXII,
1643 897 1686 944 9.

220 970 418 1037 Joplzon
452 972 533 1037 leg.
570 971 772 1038 Iophon.

356 1052 470 1110 VH,
504 1052 529 1100 l.
570 1055 644 1103 10.
711 1053 880 1102 Verba:
919 1052 1197 1101 Simonides
1238 1054 1458 1101 Musicus
1500 1081 1566 1089 —
1614 1054 1687 1100 in-

222 1130 535 1195 exploratum
584 1140 682 1188 est,
726 1131 924 1181 delenda.
1000 1132 1408 1199 Exploratissimum
1452 1144 1516 1181 est
1557 1132 1688 1190 enim,

222 1208 495 1263 Simonidem
531 1210 653 1258 illum
691 1210 777 1259 dici
801 1211 1097 1276 Amorginum
1131 1211 1516 1278 iambographum,
1549 1230 1587 1258 v.
1612 1211 1687 1277 qui

220 1307 316 1335 sero
369 1289 552 1337 affertur
602 1288 796 1348 libellus,
855 1290 1084 1339 Welcker.
1162 1290 1405 1339 Simonidis
1454 1291 1687 1355 Amorgini

223 1368 365 1416 lambi
401 1369 477 1435 qui
511 1381 745 1436 supersunt
778 1386 820 1435 p.
857 1370 899 1416 6.

352 1449 465 1506 VII,
512 1449 538 1497 l.
579 1450 657 1496 26.
729 1448 1049 1498 Scribendum:
1093 1451 1227 1497 Pars
1271 1449 1549 1505 car-minum¹
1593 1450 1689 1496 He-

159 1542 162 1546 ·
218 1526 357 1574 siodo
405 1528 526 1574 olim
582 1527 946 1593 adscriptorum
991 1532 1277 1577 Locrensem
1325 1526 1542 1577 habebat
1591 1531 1688 1576 ori-

217 1625 398 1668 gmem.

351 1687 438 1741 IX,
473 1684 498 1732 l.
540 1687 612 1733 11.
684 1687 970 1733 CLXXXV.
1024 1688 1161 1751 Lege:
1197 1686 1542 1734 CLXXXVII.

350 1765 476 1821 XIX,
511 1764 536 1812 l.
574 1767 651 1812 30.
720 1764 910 1828 cyclico.
983 1766 1124 1830 Lege:
1163 1766 1329 1829 cyclio.

350 1845 455 1900 XX,
491 1843 519 1890 l.
555 1844 633 1891 21.
697 1843 865 1908 pluris
901 1843 1130 1892 debebam.

348 1922 460 1969 lbid.
498 1921 523 1969 l.
559 1927 635 1970 22.
705 1923 875 1972 Verba:
921 1924 970 1970 si
1011 1923 1212 1988 quidem
1237 1922 1372 1989 fides
1405 1921 1685 1988 Apophthe-
1750 1927 1755 1932 ’

214 2002 384 2062 gmatc'
413 2001 655 2060 Pindari,
698 2022 789 2050 non
827 2022 877 2051 eo
913 2003 1185 2061 referuntur,
1228 1999 1277 2051 u't
1309 2002 1553 2051 Pindarum
1588 2016 1685 2070 post

215 2079 489 2128 Simonidem
533 2082 675 2130 adisse
717 2082 961 2149 Syracusas
1006 2083 1051 2130 in
1095 2083 1281 2130 dubium
1328 2094 1504 2131 vocetur
1537 2111 1606 2121 -
1638 2082 1686 2130 id

216 2159 329 2205 enim
367 2160 654 2209 certissimum
693 2190 778 2218 -,
824 2161 903 2211 sed
946 2173 993 2210 ut
1027 2162 1353 2228 apophthegma
1387 2161 1518 2219 illud,
1562 2162 1686 2226 cujus

216 2236 349 2295 fides,
385 2250 433 2286 ut
466 2239 509 2286 in
546 2240 619 2288 tali
657 2260 830 2298 caussa,
865 2261 955 2289 non
989 2241 1118 2307 plane
1153 2254 1269 2290 certa
1304 2240 1546 2290 videbatur.

350 2319 487 2375 XXV,
515 2319 538 2366 Ι.
568 2321 640 2368 16.
712 2322 915 2368 Aristot.
947 2319 1089 2368 Rhet.
1117 2322 1202 2378 IV,
1240 2322 1280 2368 1.
1318 2320 1492 2369 Scribe:
1527 2318 1684 2369 Ethic.

217 2398 399 2444 Nicom.
435 2399 529 2455 IV,
570 2401 622 2457 1,
659 2404 734 2448 27.

345 2479 513 2534 XXVI,
550 2479 574 2526 l.
612 2481 688 2527 26.
759 2480 960 2548 Thucyd.
998 2480 1059 2538 ΙΙ,
1094 2481 1171 2528 44.
1221 2481 1319 2529 Οὐκ
1353 2483 1402 2526 ἐν
1435 2483 1498 2542 τῷ
1525 2477 1686 2539 ἀχρείῳ

215 2559 290 2612 τῆς
333 2554 504 2614 ἡλικίας
552 2556 602 2604 τό
654 2563 921 2618 κερδαίνειν,
976 2556 1123 2619 ὥσπερ
1171 2562 1286 2615 τινές
1331 2573 1463 2619 φασι,
1516 2561 1686 2617 μᾶλλον

214 2636 378 2692 τέρπει,
421 2634 533 2683 ἄλλά
576 2635 624 2683 τό
668 2641 885 2696 τιμᾶσθαι.
956 2639 1029 2686 Ad
1074 2639 1376 2688 Simonideum
1422 2638 1585 2686 dictum
1622 2636 1684 2683 al-

216 2713 305 2761 ludi
343 2717 551 2763 sententia
590 2728 650 2764 est
687 2715 995 2765 Bloomfieldii.
