1826 3080
910 130 976 177 64

205 268 258 315 ln
313 282 442 331 quem
495 264 640 313 locum
700 263 973 331 Porphyrio:
1015 264 1280 313 ·»Threnos
1333 265 1424 313 sive
1477 265 1685 318 Planctus

206 345 370 413 optime
403 344 575 410 scripsit
610 342 872 391 Simonides.
885 364 907 384 «
1567 364 1569 366 -

595 490 718 525 XLVI.
787 484 901 525 ΕΙΣ
933 484 1289 528 ΣΚΟΠΑΔΑΣ.

339 582 556 630 Stobaeus
616 580 802 628 Sermm.
869 580 968 638 CV,
1026 582 1070 629 9.
1149 582 1287 630 Gaisf.
1348 588 1687 643 Σιμωνίδου

204 661 456 722 Θρήνων·

286 738 576 799 Ἀνθρωπος
610 736 698 785 ἐών
731 738 792 798 μή
825 756 932 786 ποτε
967 740 1139 801 φήσῃς,
1176 738 1200 787 ὅ
1236 759 1277 788 τι
1305 746 1483 800 γίνεται,

299 818 396 877 μηδ’
430 815 573 878 ἄνδρα
607 816 716 864 ἰδών
750 814 891 865 ὅσσον
925 819 1096 880 χρόνον
1132 823 1310 868 ἔσσεται.

301 897 452 944 Ὠκεῐα
484 895 568 957 γοέρ
605 897 711 943 οὐδὲ
745 898 1080 959 τανυπτερύγου
1114 905 1246 959 μυίας

300 973 446 1032 οὕτως
479 976 507 1023 οἱ
545 975 809 1036 μετάστασις.

195 1055 399 1104 Pleniora
452 1056 636 1104 servavit
683 1057 926 1106 Favorinus
969 1058 1261 1125 philosophus
1313 1059 1434 1126 apud
1490 1060 1679 1110 eundem

196 1134 437 1184 Stobaeum
474 1137 575 1194 CV,
612 1138 688 1184 62.
742 1134 1029 1198 ’'Am-&omung-
1062 1137 1127 1185 ὢν
1166 1141 1381 1198 μηδέποτε
1416 1142 1528 1200 φῇς,
1578 1136 1603 1186 ὅ
1643 1159 1683 1186 τι

193 1219 356 1274 γίνεται
391 1213 575 1277 αὔριον·
622 1216 719 1275 μηδ’
752 1214 896 1278 ἄνδρα
930 1218 1040 1264 ἰδών
1075 1215 1232 1278 ὄλβιον
1265 1214 1378 1264 ὅσον
1411 1217 1583 1279 χρόνον
1615 1221 1682 1266 ἔσ-

195 1309 334 1342 σεται·
379 1293 491 1342 dno?
532 1297 641 1356 μηδὲ
688 1296 840 1353 οἶκον,
901 1294 1088 1357 ὥσπερ
1141 1297 1335 1356 ἀμέλει
1377 1296 1403 1344 ὁ
1446 1297 1682 1358 ποιητής

193 1377 536 1435 διεξέρχεται
587 1373 687 1434 τήν
741 1378 847 1422 τῶν
892 1380 1206 1429 Σκοπαδῶν,
1268 1375 1489 1436 ἀθρόαν
1534 1376 1682 1425 ἀπό-

193 1460 356 1500 λειαν.
1518 1449 1522 1452 ”

326 1536 468 1582 Versu
509 1534 547 1581 1.
585 1534 765 1583 Stobaei
809 1535 948 1583 codex
982 1535 1024 1582 A
1060 1534 1202 1594 φήσῃ,
1250 1535 1372 1602 apud
1409 1536 1677 1585 Favorinum

192 1612 320 1661 codd.
357 1613 399 1660 A
425 1614 464 1660 B
501 1617 647 1672 εἴπῃς,
694 1614 816 1679 quod
861 1615 917 1662 ab
954 1614 1266 1662 Grammaticis
1301 1614 1517 1679 digammi
1553 1616 1677 1664 incu-

189 1692 316 1740 riosis
363 1691 593 1758 expulsum
630 1711 907 1750 revocamus,
954 1714 992 1741 v.
1029 1693 1232 1758 Prolegg.
1274 1712 1316 1759 p.
1354 1695 1554 1742 XLVIII.
1625 1696 1677 1742 In

188 1770 278 1819 fine
313 1790 463 1819 versus
486 1790 550 1819 ·ex
586 1771 806 1820 Favorino
842 1771 1026 1834 αὔριον,
1070 1772 1206 1821 altero
1249 1792 1377 1822 versu
1412 1770 1570 1832 ὄλβιον
1603 1773 1676 1821 Si-

190 1851 358 1899 monidi
393 1851 623 1899 reddenda
658 1851 766 1899 vidit
800 1852 1060 1919 Leopardus
1093 1853 1342 1902 Emendatt.
1372 1854 1428 1910 X,
1468 1853 1543 1901 10.
1580 1852 1676 1901 alii-

189 1950 283 1996 que.
334 1930 507 1978 Ibidem
536 1934 699 1988 γίνεται
728 1930 851 1988 libri,
887 1931 1143 1980 fortissime:
1178 1932 1303 1981 Noli
1334 1931 1513 1987 dicere,
1549 1931 1680 1997 quid

188 2027 298 2057 cras
334 2019 463 2058 certo
498 2011 566 2057 sit
592 2011 840 2071 futurum.
885 2012 939 2059 Et
975 2012 1088 2060 inest
1120 2011 1257 2060 futuri
1292 2013 1503 2079 temporis
1537 2012 1674 2077 signi·-

187 2090 331 2137 ficatio
367 2091 411 2137 in
447 2109 551 2138 voce
587 2086 762 2150 αὔριον,
797 2102 846 2138 ut
882 2090 1005 2139 facile
1042 2110 1269 2140 careamus
1303 2091 1493 2140 violenta
1524 2092 1675 2141 Brun-

188 2170 269 2216 ckii
320 2169 607 2217 hariolatione
650 2171 884 2229 γενήσεται.
989 2175 1031 2218 2.
1077 2167 1217 2218 ὅσσον
1259 2184 1302 2220 et
1336 2171 1458 2239 apud
1493 2172 1673 2221 Favoni·

187 2265 292 2296 num
341 2247 468 2296 codd.
505 2249 546 2295 A
572 2250 622 2296 Β.
691 2251 806 2298 Tum
844 2253 1030 2297 ἐσσεῖται
1064 2250 1242 2298 Stobaei
1280 2251 1418 2300 codex
1451 2252 1504 2299 B.
1570 2251 1674 2300 Exi-

188 2330 324 2377 minm
364 2328 682 2393 fragmentum,
729 2329 851 2394 quod
884 2330 967 2378 suit
1002 2330 1146 2396 ipsum
1183 2330 1412 2379 exordium
1448 2330 1594 2380 threni
1626 2330 1673 2379 in

186 2407 491 2475 Scopadarum
527 2421 700 2473 gentem
737 2409 882 2457 subita
928 2410 1102 2458 aedium
1148 2410 1274 2459 ruina
1319 2410 1672 2476 absumptorum.

187 2509 219 2534 v.
261 2487 461 2553 Prolegg.
499 2507 541 2554 p.
579 2490 655 2545 X.‚
691 2489 748 2535 ita
785 2489 1113 2538 constituimus:

244 2567 579 2627 ’Ἀνθρωπος
622 2564 728 2613 ἐών
762 2566 973 2627 μήποτε
1011 2574 1169 2628 εἴπῃς
1214 2565 1543 2626 {in-rtrum
1578 2563 1669 2611 αὖ·

1224 2665 1377 2707 ριον,

250 2724 370 2783 μηδ’
395 2723 572 2785 ἄνδρα
601 2724 731 2772 ἰδών
754 2725 976 2785 ὄλβιον,
1005 2723 1180 2774 ὅσσον
1205 2727 1418 2788 χρόνον
1439 2728 1668 2774 ἔσσεται·
