<?xml version="1.0" encoding="UTF-8"?>
<!DOCTYPE html PUBLIC "-//W3C//DTD XHTML 1.0 Transitional//EN"
    "http://www.w3.org/TR/xhtml1/DTD/xhtml1-transitional.dtd">
<html xmlns="http://www.w3.org/1999/xhtml" xml:lang="en" lang="en">
 <head>
  <title>
</title>
<meta http-equiv="Content-Type" content="text/html;charset=utf-8" />
  <meta name='ocr-system' content='tesseract 3.04.00' />
  <meta name='ocr-capabilities' content='ocr_page ocr_carea ocr_par ocr_line ocrx_word'/>
</head>
<body>
  <div class='ocr_page' id='page_1' title='image "./simonidisceicarm00simouoft_0068.png"; bbox 0 0 1826 3080; ppageno 0'>
   <div class='ocr_carea' id='block_1_1' title="bbox 900 86 933 134">
    <p class='ocr_par' dir='ltr' id='par_1_1' title="bbox 900 86 933 134">
     <span class='ocr_line' id='line_1_1' title="bbox 900 86 933 134; baseline 0 -11"><span class='ocrx_word' id='word_1_1' title='bbox 900 86 933 134; x_wconf 73' lang='grc'>4</span> 
     </span>
    </p>
   </div>
   <div class='ocr_carea' id='block_1_2' title="bbox 178 215 1643 822">
    <p class='ocr_par' dir='ltr' id='par_1_2' title="bbox 178 215 1643 822">
     <span class='ocr_line' id='line_1_2' title="bbox 180 215 1639 282; baseline 0.003 -15"><span class='ocrx_word' id='word_1_2' title='bbox 180 219 371 279; x_wconf 78' lang='grc' dir='ltr'><em>λογάδην</em></span> <span class='ocrx_word' id='word_1_3' title='bbox 406 222 680 282; x_wconf 77' lang='grc' dir='ltr'><strong><em>παραινέσεις</em></strong></span> <span class='ocrx_word' id='word_1_4' title='bbox 717 226 809 274; x_wconf 79' lang='grc' dir='ltr'><strong><em>τοῖς</em></strong></span> <span class='ocrx_word' id='word_1_5' title='bbox 828 215 1016 278; x_wconf 68' lang='grc' dir='ltr'><strong><em>’Ἕλλησι</em></strong></span> <span class='ocrx_word' id='word_1_6' title='bbox 1056 219 1492 280; x_wconf 84' lang='lat' dir='ltr'><strong>circumferebantur,</strong></span> <span class='ocrx_word' id='word_1_7' title='bbox 1533 234 1639 272; x_wconf 87' lang='lat' dir='ltr'><strong>teste</strong></span> 
     </span>
     <span class='ocr_line' id='line_1_3' title="bbox 181 297 1638 365; baseline 0.002 -18"><span class='ocrx_word' id='word_1_8' title='bbox 181 299 340 347; x_wconf 88' lang='lat' dir='ltr'><strong>Suida:</strong></span> <span class='ocrx_word' id='word_1_9' title='bbox 384 299 462 347; x_wconf 86' lang='lat' dir='ltr'><strong>sed</strong></span> <span class='ocrx_word' id='word_1_10' title='bbox 504 299 551 346; x_wconf 89' lang='lat' dir='ltr'><strong>id</strong></span> <span class='ocrx_word' id='word_1_11' title='bbox 592 317 748 365; x_wconf 90' lang='lat' dir='ltr'><strong>parum</strong></span> <span class='ocrx_word' id='word_1_12' title='bbox 793 297 1033 363; x_wconf 87' lang='lat' dir='ltr'><strong>probabile.</strong></span> <span class='ocrx_word' id='word_1_13' title='bbox 1111 299 1230 348; x_wconf 88' lang='lat' dir='ltr'><strong>Inter</strong></span> <span class='ocrx_word' id='word_1_14' title='bbox 1264 299 1506 350; x_wconf 85' lang='lat' dir='ltr'><strong>carminum</strong></span> <span class='ocrx_word' id='word_1_15' title='bbox 1537 300 1638 350; x_wconf 87' lang='lat' dir='ltr'><strong>reli-</strong></span> 
     </span>
     <span class='ocr_line' id='line_1_4' title="bbox 180 376 1641 445; baseline 0.001 -19"><span class='ocrx_word' id='word_1_16' title='bbox 180 379 304 445; x_wconf 90' lang='lat' dir='ltr'><strong>quias</strong></span> <span class='ocrx_word' id='word_1_17' title='bbox 338 378 447 426; x_wconf 87' lang='lat' dir='ltr'><strong>nihil</strong></span> <span class='ocrx_word' id='word_1_18' title='bbox 482 389 544 425; x_wconf 83' lang='lat' dir='ltr'><strong>est</strong></span> <span class='ocrx_word' id='word_1_19' title='bbox 578 377 698 442; x_wconf 88' lang='lat' dir='ltr'><strong>quod</strong></span> <span class='ocrx_word' id='word_1_20' title='bbox 733 376 819 423; x_wconf 90' lang='lat' dir='ltr'><strong>huc</strong></span> <span class='ocrx_word' id='word_1_21' title='bbox 851 377 1033 442; x_wconf 84' lang='lat' dir='ltr'><strong>referas:</strong></span> <span class='ocrx_word' id='word_1_22' title='bbox 1066 397 1169 426; x_wconf 90' lang='lat' dir='ltr'><strong>nam</strong></span> <span class='ocrx_word' id='word_1_23' title='bbox 1206 378 1327 444; x_wconf 89' lang='lat' dir='ltr'><strong>quod</strong></span> <span class='ocrx_word' id='word_1_24' title='bbox 1346 380 1548 445; x_wconf 79' lang='lat' dir='ltr'><strong>Uptonus</strong></span> <span class='ocrx_word' id='word_1_25' title='bbox 1581 379 1641 428; x_wconf 86' lang='lat' dir='ltr'><strong>ad</strong></span> 
     </span>
     <span class='ocr_line' id='line_1_5' title="bbox 179 456 1640 526; baseline 0.001 -20"><span class='ocrx_word' id='word_1_26' title='bbox 179 459 362 526; x_wconf 88' lang='lat' dir='ltr'><strong>Dionys.</strong></span> <span class='ocrx_word' id='word_1_27' title='bbox 406 456 503 504; x_wconf 89' lang='lat' dir='ltr'><strong>Hal.</strong></span> <span class='ocrx_word' id='word_1_28' title='bbox 550 456 603 504; x_wconf 90' lang='lat' dir='ltr'><strong>de</strong></span> <span class='ocrx_word' id='word_1_29' title='bbox 648 456 848 522; x_wconf 89' lang='lat' dir='ltr'><strong>Compos.</strong></span> <span class='ocrx_word' id='word_1_30' title='bbox 892 456 1055 505; x_wconf 87' lang='lat' dir='ltr'><strong>Verbb.</strong></span> <span class='ocrx_word' id='word_1_31' title='bbox 1097 476 1138 523; x_wconf 90' lang='lat' dir='ltr'><strong>p.</strong></span> <span class='ocrx_word' id='word_1_32' title='bbox 1176 459 1252 506; x_wconf 87' lang='lat'><strong>37.</strong></span> <span class='ocrx_word' id='word_1_33' title='bbox 1295 456 1464 506; x_wconf 84' lang='lat' dir='ltr'><strong>Schaef.</strong></span> <span class='ocrx_word' id='word_1_34' title='bbox 1508 468 1640 507; x_wconf 82' lang='lat' dir='ltr'><strong>tetra-</strong></span> 
     </span>
     <span class='ocr_line' id='line_1_6' title="bbox 179 535 1641 603; baseline 0.001 -18"><span class='ocrx_word' id='word_1_35' title='bbox 179 550 367 586; x_wconf 80' lang='lat' dir='ltr'><strong>metrum</strong></span> <span class='ocrx_word' id='word_1_36' title='bbox 402 536 668 584; x_wconf 84' lang='lat' dir='ltr'><strong>trochaicum</strong></span> <span class='ocrx_word' id='word_1_37' title='bbox 705 535 824 601; x_wconf 88' lang='lat' dir='ltr'><strong>apud</strong></span> <span class='ocrx_word' id='word_1_38' title='bbox 857 536 1221 603; x_wconf 84' lang='lat' dir='ltr'><strong>Hephaestionem</strong></span> <span class='ocrx_word' id='word_1_39' title='bbox 1255 549 1472 586; x_wconf 87' lang='lat' dir='ltr'><strong>servatum</strong></span> <span class='ocrx_word' id='word_1_40' title='bbox 1495 535 1641 587; x_wconf 87' lang='lat' dir='ltr'><strong>Simo-</strong></span> 
     </span>
     <span class='ocr_line' id='line_1_7' title="bbox 179 613 1642 672; baseline 0 -8"><span class='ocrx_word' id='word_1_41' title='bbox 179 616 310 664; x_wconf 89' lang='lat' dir='ltr'><strong>nideo</strong></span> <span class='ocrx_word' id='word_1_42' title='bbox 346 615 527 663; x_wconf 86' lang='lat' dir='ltr'><strong>carmini</strong></span> <span class='ocrx_word' id='word_1_43' title='bbox 561 613 822 672; x_wconf 69' lang='lat' dir='ltr'><strong>vindicabat,</strong></span> <span class='ocrx_word' id='word_1_44' title='bbox 856 615 1010 663; x_wconf 87' lang='lat' dir='ltr'><strong>merito</strong></span> <span class='ocrx_word' id='word_1_45' title='bbox 1053 614 1124 663; x_wconf 85' lang='lat' dir='ltr'><strong>alii</strong></span> <span class='ocrx_word' id='word_1_46' title='bbox 1161 614 1348 664; x_wconf 89' lang='lat' dir='ltr'><strong>eundem</strong></span> <span class='ocrx_word' id='word_1_47' title='bbox 1385 615 1642 669; x_wconf 79' lang='lat' dir='ltr'><strong>Anacreon-</strong></span> 
     </span>
     <span class='ocr_line' id='line_1_8' title="bbox 179 693 1643 759; baseline 0.001 -17"><span class='ocrx_word' id='word_1_48' title='bbox 179 695 232 743; x_wconf 81' lang='lat' dir='ltr'><strong>tis</strong></span> <span class='ocrx_word' id='word_1_49' title='bbox 267 696 336 758; x_wconf 84' lang='lat' dir='ltr'><strong>(ut</strong></span> <span class='ocrx_word' id='word_1_50' title='bbox 368 693 583 758; x_wconf 82' lang='lat' dir='ltr'><strong>Bergkius</strong></span> <span class='ocrx_word' id='word_1_51' title='bbox 622 694 781 740; x_wconf 88' lang='lat' dir='ltr'><strong>Anacr.</strong></span> <span class='ocrx_word' id='word_1_52' title='bbox 817 713 859 759; x_wconf 93' lang='lat' dir='ltr'><strong>p.</strong></span> <span class='ocrx_word' id='word_1_53' title='bbox 894 694 1028 755; x_wconf 87' lang='grc'><strong>263.)</strong></span> <span class='ocrx_word' id='word_1_54' title='bbox 1062 713 1152 742; x_wconf 90' lang='lat' dir='ltr'><strong>esse</strong></span> <span class='ocrx_word' id='word_1_55' title='bbox 1184 694 1496 759; x_wconf 74' lang='lat' dir='ltr'><strong>judicaverunt.</strong></span> <span class='ocrx_word' id='word_1_56' title='bbox 1564 695 1643 745; x_wconf 86' lang='lat' dir='ltr'><strong>Est</strong></span> 
     </span>
     <span class='ocr_line' id='line_1_9' title="bbox 178 772 1600 822; baseline -0.001 -1"><span class='ocrx_word' id='word_1_57' title='bbox 178 786 323 822; x_wconf 80' lang='lat' dir='ltr'><strong>autem</strong></span> <span class='ocrx_word' id='word_1_58' title='bbox 356 772 448 819; x_wconf 86' lang='lat' dir='ltr'><strong>hic:</strong></span> <span class='ocrx_word' id='word_1_59' title='bbox 1462 803 1465 805; x_wconf 91' lang='lat'><em>-</em></span> <span class='ocrx_word' id='word_1_60' title='bbox 1595 798 1600 806; x_wconf 92' lang='lat'><em>·</em></span> 
     </span>
    </p>
   </div>
   <div class='ocr_carea' id='block_1_3' title="bbox 307 878 1443 946">
    <p class='ocr_par' dir='ltr' id='par_1_3' title="bbox 307 878 1443 946">
     <span class='ocr_line' id='line_1_10' title="bbox 307 878 1443 946; baseline -0.001 -12.993"><span class='ocrx_word' id='word_1_61' title='bbox 307 885 455 946; x_wconf 81' lang='grc' dir='ltr'><strong><em>Ἐρξίῃ</em></strong></span> <span class='ocrx_word' id='word_1_62' title='bbox 491 903 550 943; x_wconf 91' lang='grc' dir='ltr'><strong>πη</strong></span> <span class='ocrx_word' id='word_1_63' title='bbox 586 878 704 944; x_wconf 78' lang='grc' dir='ltr'><strong>δηῦτ’</strong></span> <span class='ocrx_word' id='word_1_64' title='bbox 739 881 931 944; x_wconf 75' lang='grc' dir='ltr'><strong><em>ἄνολβος</em></strong></span> <span class='ocrx_word' id='word_1_65' title='bbox 964 883 1218 946; x_wconf 77' lang='grc' dir='ltr'><strong><em>ἄθροῖζεται</em></strong></span> <span class='ocrx_word' id='word_1_66' title='bbox 1251 884 1443 945; x_wconf 79' lang='grc' dir='ltr'><strong>στρατός.</strong></span> 
     </span>
    </p>
   </div>
   <div class='ocr_carea' id='block_1_4' title="bbox 416 1088 1390 1249">
    <p class='ocr_par' dir='ltr' id='par_1_4' title="bbox 416 1088 1390 1249">
     <span class='ocr_line' id='line_1_11' title="bbox 876 1088 945 1135; baseline 0 -1"><span class='ocrx_word' id='word_1_67' title='bbox 876 1088 945 1135; x_wconf 95' lang='grc' dir='ltr'><strong>ΙΙ.</strong></span> 
     </span>
     <span class='ocr_line' id='line_1_12' title="bbox 416 1200 1390 1249; baseline 0 -1"><span class='ocrx_word' id='word_1_68' title='bbox 416 1200 477 1248; x_wconf 78' lang='lat' dir='ltr'><strong>‘H</strong></span> <span class='ocrx_word' id='word_1_69' title='bbox 503 1200 605 1248; x_wconf 90' lang='lat' dir='ltr'><strong>&#39;EN</strong></span> <span class='ocrx_word' id='word_1_70' title='bbox 630 1202 1027 1249; x_wconf 76' lang='grc' dir='ltr'><em>ἈΡΤΕΜΙΣΙΩΙ</em></span> <span class='ocrx_word' id='word_1_71' title='bbox 1055 1207 1390 1248; x_wconf 75' lang='grc' dir='ltr'><em>ΝΑΥΜΑΧΙΑ.</em></span> 
     </span>
    </p>
   </div>
   <div class='ocr_carea' id='block_1_5' title="bbox 176 1329 1653 2736">
    <p class='ocr_par' dir='ltr' id='par_1_5' title="bbox 782 1329 1625 1443">
     <span class='ocr_line' id='line_1_13' title="bbox 782 1329 1625 1385; baseline -0.002 -17"><span class='ocrx_word' id='word_1_72' title='bbox 782 1329 955 1375; x_wconf 75' lang='grc' dir='ltr'><strong>Μεγάλων</strong></span> <span class='ocrx_word' id='word_1_73' title='bbox 977 1330 1112 1367; x_wconf 71' lang='grc' dir='ltr'><strong><em>ἀέθλων</em></strong></span> <span class='ocrx_word' id='word_1_74' title='bbox 1133 1335 1256 1367; x_wconf 76' lang='grc' dir='ltr'><strong><em>Μοῖσα</em></strong></span> <span class='ocrx_word' id='word_1_75' title='bbox 1279 1334 1475 1373; x_wconf 61' lang='grc' dir='ltr'><strong><em>μεμνᾶσθαι</em></strong></span> <span class='ocrx_word' id='word_1_76' title='bbox 1497 1333 1625 1385; x_wconf 54' lang='grc' dir='ltr'><strong>φιλεῖ..-</strong></span> 
     </span>
     <span class='ocr_line' id='line_1_14' title="bbox 1287 1390 1539 1443; baseline 0.004 -19"><span class='ocrx_word' id='word_1_77' title='bbox 1287 1390 1539 1443; x_wconf 58' lang='lat' dir='ltr'><strong>Pitumnus.</strong></span> 
     </span>
    </p>

    <p class='ocr_par' dir='ltr' id='par_1_6' title="bbox 309 1481 1647 1549">
     <span class='ocr_line' id='line_1_15' title="bbox 309 1481 1647 1549; baseline -0.001 -18"><span class='ocrx_word' id='word_1_78' title='bbox 309 1483 503 1532; x_wconf 79' lang='lat' dir='ltr'><strong>Illustres</strong></span> <span class='ocrx_word' id='word_1_79' title='bbox 547 1483 750 1531; x_wconf 75' lang='lat' dir='ltr'><strong>victoriae</strong></span> <span class='ocrx_word' id='word_1_80' title='bbox 794 1483 1063 1531; x_wconf 88' lang='lat' dir='ltr'><strong>Graecorum</strong></span> <span class='ocrx_word' id='word_1_81' title='bbox 1115 1481 1170 1530; x_wconf 91' lang='lat' dir='ltr'><strong>de</strong></span> <span class='ocrx_word' id='word_1_82' title='bbox 1210 1482 1357 1531; x_wconf 87' lang='lat' dir='ltr'><strong>Persis</strong></span> <span class='ocrx_word' id='word_1_83' title='bbox 1401 1493 1647 1549; x_wconf 76' lang='lat' dir='ltr'><strong>reportatae</strong></span> 
     </span>
    </p>

    <p class='ocr_par' dir='ltr' id='par_1_7' title="bbox 176 1561 1653 2736">
     <span class='ocr_line' id='line_1_16' title="bbox 178 1561 1647 1630; baseline 0.001 -20"><span class='ocrx_word' id='word_1_84' title='bbox 178 1575 218 1610; x_wconf 86' lang='lat' dir='ltr'><strong>et</strong></span> <span class='ocrx_word' id='word_1_85' title='bbox 252 1563 489 1629; x_wconf 90' lang='lat' dir='ltr'><strong>Epicorum</strong></span> <span class='ocrx_word' id='word_1_86' title='bbox 525 1575 567 1611; x_wconf 87' lang='lat' dir='ltr'><strong>et</strong></span> <span class='ocrx_word' id='word_1_87' title='bbox 598 1563 860 1630; x_wconf 87' lang='lat' dir='ltr'><strong>Lyricorum</strong></span> <span class='ocrx_word' id='word_1_88' title='bbox 907 1573 948 1609; x_wconf 86' lang='lat' dir='ltr'><strong>et</strong></span> <span class='ocrx_word' id='word_1_89' title='bbox 981 1561 1269 1625; x_wconf 86' lang='lat' dir='ltr'><strong>Tragicorum</strong></span> <span class='ocrx_word' id='word_1_90' title='bbox 1314 1572 1544 1628; x_wconf 80' lang='lat' dir='ltr'><strong>poetarum</strong></span> <span class='ocrx_word' id='word_1_91' title='bbox 1572 1561 1647 1611; x_wconf 80' lang='lat' dir='ltr'><strong>in-</strong></span> 
     </span>
     <span class='ocr_line' id='line_1_17' title="bbox 178 1637 1646 1708; baseline -0.002 -19"><span class='ocrx_word' id='word_1_92' title='bbox 178 1642 306 1706; x_wconf 87' lang='lat' dir='ltr'><strong>genia</strong></span> <span class='ocrx_word' id='word_1_93' title='bbox 341 1654 633 1690; x_wconf 88' lang='lat' dir='ltr'><strong>exercuerunt.</strong></span> <span class='ocrx_word' id='word_1_94' title='bbox 705 1643 916 1689; x_wconf 89' lang='lat' dir='ltr'><strong>Isocrates</strong></span> <span class='ocrx_word' id='word_1_95' title='bbox 959 1640 1175 1708; x_wconf 81' lang='lat' dir='ltr'><strong>Panegyr.</strong></span> <span class='ocrx_word' id='word_1_96' title='bbox 1211 1641 1353 1688; x_wconf 92' lang='lat' dir='ltr'><strong>XLII.</strong></span> <span class='ocrx_word' id='word_1_97' title='bbox 1406 1637 1556 1700; x_wconf 77' lang='grc' dir='ltr'><strong><em>Εῧροι</em></strong></span> <span class='ocrx_word' id='word_1_98' title='bbox 1584 1637 1646 1686; x_wconf 73' lang='grc' dir='ltr'><strong><em>ἄν</em></strong></span> 
     </span>
     <span class='ocr_line' id='line_1_18' title="bbox 176 1715 1647 1780; baseline 0.002 -14"><span class='ocrx_word' id='word_1_99' title='bbox 176 1740 240 1774; x_wconf 85' lang='grc' dir='ltr'><strong>τις</strong></span> <span class='ocrx_word' id='word_1_100' title='bbox 273 1723 320 1767; x_wconf 84' lang='grc' dir='ltr'><strong>ἐκ</strong></span> <span class='ocrx_word' id='word_1_101' title='bbox 355 1722 435 1779; x_wconf 81' lang='grc' dir='ltr'><strong>μὲν</strong></span> <span class='ocrx_word' id='word_1_102' title='bbox 468 1724 550 1765; x_wconf 84' lang='grc' dir='ltr'><strong><em>τοῦ</em></strong></span> <span class='ocrx_word' id='word_1_103' title='bbox 585 1722 781 1779; x_wconf 84' lang='grc' dir='ltr'><strong><em>πολέμου</em></strong></span> <span class='ocrx_word' id='word_1_104' title='bbox 815 1724 898 1767; x_wconf 81' lang='grc' dir='ltr'><strong><em>τοῦ</em></strong></span> <span class='ocrx_word' id='word_1_105' title='bbox 927 1718 1040 1780; x_wconf 76' lang='grc' dir='ltr'><strong><em>πρὸς</em></strong></span> <span class='ocrx_word' id='word_1_106' title='bbox 1068 1718 1174 1774; x_wconf 77' lang='grc' dir='ltr'><strong>τούς</strong></span> <span class='ocrx_word' id='word_1_107' title='bbox 1196 1715 1647 1780; x_wconf 73' lang='grc' dir='ltr'><strong><em>βαρβάρους.ὅμνουε</em></strong></span> 
     </span>
     <span class='ocr_line' id='line_1_19' title="bbox 176 1796 1647 1860; baseline -0.003 -14"><span class='ocrx_word' id='word_1_108' title='bbox 176 1801 521 1859; x_wconf 83' lang='grc' dir='ltr'><strong><em>πεποιημένους,</em></strong></span> <span class='ocrx_word' id='word_1_109' title='bbox 579 1801 626 1846; x_wconf 80' lang='grc' dir='ltr'><strong>ἐκ</strong></span> <span class='ocrx_word' id='word_1_110' title='bbox 672 1801 717 1845; x_wconf 86' lang='grc' dir='ltr'><strong>δὲ</strong></span> <span class='ocrx_word' id='word_1_111' title='bbox 762 1803 843 1846; x_wconf 77' lang='grc' dir='ltr'><strong><em>τοῦ</em></strong></span> <span class='ocrx_word' id='word_1_112' title='bbox 889 1798 1003 1860; x_wconf 77' lang='grc' dir='ltr'><strong><em>πρός</em></strong></span> <span class='ocrx_word' id='word_1_113' title='bbox 1042 1797 1148 1855; x_wconf 76' lang='grc' dir='ltr'><strong>τούς</strong></span> <span class='ocrx_word' id='word_1_114' title='bbox 1175 1796 1398 1856; x_wconf 62' lang='grc' dir='ltr'><strong><em>’Έλληνας</em></strong></span> <span class='ocrx_word' id='word_1_115' title='bbox 1444 1796 1647 1857; x_wconf 70' lang='grc' dir='ltr'><strong><em>θρήνους</em></strong></span> 
     </span>
     <span class='ocr_line' id='line_1_20' title="bbox 176 1874 1646 1938; baseline -0.001 -14"><span class='ocrx_word' id='word_1_116' title='bbox 176 1877 281 1937; x_wconf 76' lang='grc' dir='ltr'><strong><em>ἡμῖν</em></strong></span> <span class='ocrx_word' id='word_1_117' title='bbox 323 1880 656 1937; x_wconf 74' lang='grc' dir='ltr'><strong><em>γεγενημένους,</em></strong></span> <span class='ocrx_word' id='word_1_118' title='bbox 702 1881 774 1925; x_wconf 82' lang='grc' dir='ltr'><strong>καὶ</strong></span> <span class='ocrx_word' id='word_1_119' title='bbox 813 1876 919 1933; x_wconf 72' lang='grc' dir='ltr'><strong>τούς</strong></span> <span class='ocrx_word' id='word_1_120' title='bbox 960 1879 1041 1936; x_wconf 76' lang='grc' dir='ltr'><strong>μὲν</strong></span> <span class='ocrx_word' id='word_1_121' title='bbox 1082 1880 1132 1925; x_wconf 78' lang='grc' dir='ltr'><strong><em>ἐν</em></strong></span> <span class='ocrx_word' id='word_1_122' title='bbox 1163 1885 1256 1933; x_wconf 81' lang='grc' dir='ltr'><strong><em>ταῖς</em></strong></span> <span class='ocrx_word' id='word_1_123' title='bbox 1289 1879 1460 1937; x_wconf 79' lang='grc' dir='ltr'><strong><em>ἑορταῖς</em></strong></span> <span class='ocrx_word' id='word_1_124' title='bbox 1490 1874 1646 1938; x_wconf 69' lang='grc' dir='ltr'><strong><em>ᾀδομέ-</em></strong></span> 
     </span>
     <span class='ocr_line' id='line_1_21' title="bbox 177 1955 1648 2017; baseline 0.003 -14"><span class='ocrx_word' id='word_1_125' title='bbox 177 1978 299 2014; x_wconf 85' lang='grc' dir='ltr'><strong><em>νους,</em></strong></span> <span class='ocrx_word' id='word_1_126' title='bbox 335 1963 424 2004; x_wconf 81' lang='grc' dir='ltr'><strong><em>τῶν</em></strong></span> <span class='ocrx_word' id='word_1_127' title='bbox 460 1959 495 2003; x_wconf 80' lang='grc' dir='ltr'><strong>δ’</strong></span> <span class='ocrx_word' id='word_1_128' title='bbox 525 1961 596 2004; x_wconf 84' lang='grc' dir='ltr'><strong>ἐπὶ</strong></span> <span class='ocrx_word' id='word_1_129' title='bbox 619 1965 712 2011; x_wconf 81' lang='grc' dir='ltr'><strong><em>ταῖς</em></strong></span> <span class='ocrx_word' id='word_1_130' title='bbox 739 1965 990 2017; x_wconf 78' lang='grc' dir='ltr'><strong><em>συμφοραῖς</em></strong></span> <span class='ocrx_word' id='word_1_131' title='bbox 1012 1956 1129 2015; x_wconf 78' lang='grc' dir='ltr'><strong><em>ἡμᾶς</em></strong></span> <span class='ocrx_word' id='word_1_132' title='bbox 1153 1958 1463 2016; x_wconf 64' lang='grc' dir='ltr'><strong><em>μεμνημένους.</em></strong></span> <span class='ocrx_word' id='word_1_133' title='bbox 1493 1955 1648 2007; x_wconf 77' lang='lat' dir='ltr'><strong>Multis</strong></span> 
     </span>
     <span class='ocr_line' id='line_1_22' title="bbox 178 2034 1647 2104; baseline -0.001 -20"><span class='ocrx_word' id='word_1_134' title='bbox 178 2038 315 2102; x_wconf 84' lang='lat' dir='ltr'><strong>poetis</strong></span> <span class='ocrx_word' id='word_1_135' title='bbox 362 2057 513 2085; x_wconf 87' lang='lat' dir='ltr'><strong>eorum</strong></span> <span class='ocrx_word' id='word_1_136' title='bbox 555 2037 727 2095; x_wconf 89' lang='lat' dir='ltr'><strong>laudes,</strong></span> <span class='ocrx_word' id='word_1_137' title='bbox 778 2038 853 2103; x_wconf 90' lang='lat' dir='ltr'><strong>qui</strong></span> <span class='ocrx_word' id='word_1_138' title='bbox 894 2038 942 2086; x_wconf 88' lang='lat' dir='ltr'><strong>in</strong></span> <span class='ocrx_word' id='word_1_139' title='bbox 983 2035 1293 2104; x_wconf 87' lang='lat' dir='ltr'><strong>Thermopylis</strong></span> <span class='ocrx_word' id='word_1_140' title='bbox 1337 2034 1647 2093; x_wconf 68' lang='lat' dir='ltr'><strong>occubuerunt,</strong></span> 
     </span>
     <span class='ocr_line' id='line_1_23' title="bbox 180 2111 1648 2180; baseline -0.001 -17"><span class='ocrx_word' id='word_1_141' title='bbox 180 2116 415 2164; x_wconf 80' lang='lat' dir='ltr'><strong>celebratas</strong></span> <span class='ocrx_word' id='word_1_142' title='bbox 451 2129 632 2166; x_wconf 74' lang='lat' dir='ltr'><strong>testatur</strong></span> <span class='ocrx_word' id='word_1_143' title='bbox 664 2117 887 2165; x_wconf 85' lang='lat' dir='ltr'><strong>Diodorus</strong></span> <span class='ocrx_word' id='word_1_144' title='bbox 923 2115 1007 2164; x_wconf 86' lang='lat' dir='ltr'><strong>Sic.</strong></span> <span class='ocrx_word' id='word_1_145' title='bbox 1043 2115 1133 2173; x_wconf 84' lang='lat' dir='ltr'><strong>XI,</strong></span> <span class='ocrx_word' id='word_1_146' title='bbox 1182 2116 1255 2163; x_wconf 90' lang='grc'><strong>11.</strong></span> <span class='ocrx_word' id='word_1_147' title='bbox 1330 2115 1423 2164; x_wconf 72' lang='lat' dir='ltr'><strong>Res</strong></span> <span class='ocrx_word' id='word_1_148' title='bbox 1452 2113 1551 2180; x_wconf 72' lang='lat' dir='ltr'><strong>ipsa</strong></span> <span class='ocrx_word' id='word_1_149' title='bbox 1581 2111 1648 2163; x_wconf 84' lang='lat' dir='ltr'><strong>lo-</strong></span> 
     </span>
     <span class='ocr_line' id='line_1_24' title="bbox 179 2192 1649 2261; baseline -0.001 -19"><span class='ocrx_word' id='word_1_150' title='bbox 179 2196 344 2260; x_wconf 60' lang='lat' dir='ltr'><strong>quitum</strong></span> <span class='ocrx_word' id='word_1_151' title='bbox 380 2208 427 2243; x_wconf 83' lang='lat' dir='ltr'><strong>ut</strong></span> <span class='ocrx_word' id='word_1_152' title='bbox 464 2196 762 2244; x_wconf 83' lang='lat' dir='ltr'><strong>dormitaverit</strong></span> <span class='ocrx_word' id='word_1_153' title='bbox 796 2196 832 2244; x_wconf 86' lang='lat' dir='ltr'><strong>is</strong></span> <span class='ocrx_word' id='word_1_154' title='bbox 867 2196 942 2261; x_wconf 88' lang='lat' dir='ltr'><strong>qui</strong></span> <span class='ocrx_word' id='word_1_155' title='bbox 976 2195 1267 2242; x_wconf 84' lang='lat' dir='ltr'><strong>Menexenum</strong></span> <span class='ocrx_word' id='word_1_156' title='bbox 1302 2192 1572 2260; x_wconf 74' lang='lat' dir='ltr'><strong>conseripsit,</strong></span> <span class='ocrx_word' id='word_1_157' title='bbox 1604 2209 1649 2258; x_wconf 85' lang='lat' dir='ltr'><strong>p.</strong></span> 
     </span>
     <span class='ocr_line' id='line_1_25' title="bbox 177 2270 1652 2334; baseline -0.001 -15"><span class='ocrx_word' id='word_1_158' title='bbox 177 2276 298 2331; x_wconf 77' lang='lat'><strong>239,</strong></span> <span class='ocrx_word' id='word_1_159' title='bbox 347 2275 392 2321; x_wconf 91' lang='lat' dir='ltr'><strong>C.</strong></span> <span class='ocrx_word' id='word_1_160' title='bbox 451 2271 542 2322; x_wconf 64' lang='lat' dir='ltr'><strong>&#39;sav</strong></span> <span class='ocrx_word' id='word_1_161' title='bbox 592 2272 691 2321; x_wconf 76' lang='grc' dir='ltr'><strong><em>οὔτε</em></strong></span> <span class='ocrx_word' id='word_1_162' title='bbox 739 2273 921 2334; x_wconf 78' lang='grc' dir='ltr'><strong><em>ποιητής</em></strong></span> <span class='ocrx_word' id='word_1_163' title='bbox 961 2292 1030 2321; x_wconf 82' lang='grc' dir='ltr'><strong>πω</strong></span> <span class='ocrx_word' id='word_1_164' title='bbox 1075 2272 1210 2329; x_wconf 79' lang='grc' dir='ltr'><strong><em>δόξαν</em></strong></span> <span class='ocrx_word' id='word_1_165' title='bbox 1247 2271 1376 2328; x_wconf 77' lang='grc' dir='ltr'><strong><em>ἀξίαν</em></strong></span> <span class='ocrx_word' id='word_1_166' title='bbox 1410 2272 1475 2323; x_wconf 65' lang='grc' dir='ltr'><strong>ἐπῖ</strong></span> <span class='ocrx_word' id='word_1_167' title='bbox 1510 2270 1652 2328; x_wconf 73' lang='grc' dir='ltr'><strong><em>ἀξίοις</em></strong></span> 
     </span>
     <span class='ocr_line' id='line_1_26' title="bbox 178 2351 1652 2415; baseline 0 -16"><span class='ocrx_word' id='word_1_168' title='bbox 178 2352 329 2412; x_wconf 73' lang='grc' dir='ltr'><strong><em>λαβών</em></strong></span> <span class='ocrx_word' id='word_1_169' title='bbox 373 2356 482 2412; x_wconf 81' lang='grc' dir='ltr'><strong><em>ἔχει,</em></strong></span> <span class='ocrx_word' id='word_1_170' title='bbox 530 2357 591 2401; x_wconf 81' lang='grc' dir='ltr'><strong>ἔτι</strong></span> <span class='ocrx_word' id='word_1_171' title='bbox 631 2352 665 2400; x_wconf 83' lang='grc' dir='ltr'><strong>τ’</strong></span> <span class='ocrx_word' id='word_1_172' title='bbox 713 2356 829 2401; x_wconf 73' lang='grc' dir='ltr'><strong><em>ἐστὶν</em></strong></span> <span class='ocrx_word' id='word_1_173' title='bbox 873 2356 922 2402; x_wconf 81' lang='grc' dir='ltr'><strong><em>ἐν</em></strong></span> <span class='ocrx_word' id='word_1_174' title='bbox 964 2357 1192 2415; x_wconf 81' lang='grc' dir='ltr'><strong><em>μνηστείᾳ,</em></strong></span> <span class='ocrx_word' id='word_1_175' title='bbox 1239 2351 1411 2400; x_wconf 79' lang='grc' dir='ltr'><strong><em>τούτων</em></strong></span> <span class='ocrx_word' id='word_1_176' title='bbox 1443 2352 1652 2410; x_wconf 59' lang='grc' dir='ltr'><strong><em>πέμμα</em></strong></span> 
     </span>
     <span class='ocr_line' id='line_1_27' title="bbox 179 2426 1652 2492; baseline 0.001 -13"><span class='ocrx_word' id='word_1_177' title='bbox 179 2437 303 2479; x_wconf 84' lang='grc' dir='ltr'><strong><em>δοκεῖ</em></strong></span> <span class='ocrx_word' id='word_1_178' title='bbox 338 2437 500 2492; x_wconf 82' lang='grc' dir='ltr'><strong><em>χρῆναι</em></strong></span> <span class='ocrx_word' id='word_1_179' title='bbox 540 2435 865 2491; x_wconf 75' lang='grc' dir='ltr'><strong><em>ἐπιμνησθῆναι</em></strong></span> <span class='ocrx_word' id='word_1_180' title='bbox 907 2431 1177 2480; x_wconf 77' lang='grc' dir='ltr'><strong><em>ἐπαινοῦντά</em></strong></span> <span class='ocrx_word' id='word_1_181' title='bbox 1216 2450 1261 2478; x_wconf 84' lang='grc' dir='ltr'><strong>τε</strong></span> <span class='ocrx_word' id='word_1_182' title='bbox 1294 2433 1368 2478; x_wconf 76' lang='grc' dir='ltr'><strong>καὶ</strong></span> <span class='ocrx_word' id='word_1_183' title='bbox 1399 2426 1652 2491; x_wconf 53' lang='grc' dir='ltr'><strong><em>προμήκ-</em></strong></span> 
     </span>
     <span class='ocr_line' id='line_1_28' title="bbox 179 2507 1653 2574; baseline -0.001 -18"><span class='ocrx_word' id='word_1_184' title='bbox 179 2530 262 2557; x_wconf 88' lang='grc' dir='ltr'><strong>νον</strong></span> <span class='ocrx_word' id='word_1_185' title='bbox 298 2509 448 2567; x_wconf 76' lang='grc' dir='ltr'><strong><em>ἅλλοις</em></strong></span> <span class='ocrx_word' id='word_1_186' title='bbox 482 2514 529 2566; x_wconf 82' lang='grc' dir='ltr'><strong>ἐς</strong></span> <span class='ocrx_word' id='word_1_187' title='bbox 566 2510 686 2574; x_wconf 73' lang='grc' dir='ltr'><strong><em>φ’δοὶς</em></strong></span> <span class='ocrx_word' id='word_1_188' title='bbox 719 2530 762 2557; x_wconf 80' lang='grc' dir='ltr'><strong>τε</strong></span> <span class='ocrx_word' id='word_1_189' title='bbox 797 2514 869 2558; x_wconf 82' lang='grc' dir='ltr'><strong>καὶ</strong></span> <span class='ocrx_word' id='word_1_190' title='bbox 891 2509 973 2571; x_wconf 77' lang='grc' dir='ltr'><strong><em>τήν</em></strong></span> <span class='ocrx_word' id='word_1_191' title='bbox 1004 2508 1141 2570; x_wconf 74' lang='grc' dir='ltr'><strong><em>ἄλλην</em></strong></span> <span class='ocrx_word' id='word_1_192' title='bbox 1167 2514 1345 2569; x_wconf 85' lang='grc' dir='ltr'><strong><em>ποίησιν</em></strong></span> <span class='ocrx_word' id='word_1_193' title='bbox 1370 2507 1483 2557; x_wconf 77' lang='grc' dir='ltr'><strong><em>αὐτοὶ</em></strong></span> <span class='ocrx_word' id='word_1_194' title='bbox 1504 2514 1653 2557; x_wconf 70' lang='grc' dir='ltr'><strong><em>θεῖναι</em></strong></span> 
     </span>
     <span class='ocr_line' id='line_1_29' title="bbox 179 2586 1651 2652; baseline -0.001 -16"><span class='ocrx_word' id='word_1_195' title='bbox 179 2590 440 2649; x_wconf 76' lang='grc' dir='ltr'><strong><em>πρεπόντως</em></strong></span> <span class='ocrx_word' id='word_1_196' title='bbox 468 2595 559 2638; x_wconf 82' lang='grc' dir='ltr'><strong><em>τῶν</em></strong></span> <span class='ocrx_word' id='word_1_197' title='bbox 597 2590 872 2650; x_wconf 76' lang='grc' dir='ltr'><strong><em>πραξάντων.</em></strong></span> <span class='ocrx_word' id='word_1_198' title='bbox 949 2591 1159 2640; x_wconf 81' lang='lat' dir='ltr'><strong>conseras</strong></span> <span class='ocrx_word' id='word_1_199' title='bbox 1194 2591 1248 2638; x_wconf 93' lang='lat' dir='ltr'><strong>A.</strong></span> <span class='ocrx_word' id='word_1_200' title='bbox 1285 2591 1351 2638; x_wconf 55' lang='lat' dir='ltr'><strong>G„</strong></span> <span class='ocrx_word' id='word_1_201' title='bbox 1374 2586 1530 2652; x_wconf 80' lang='lat' dir='ltr'><strong>Langii</strong></span> <span class='ocrx_word' id='word_1_202' title='bbox 1564 2586 1651 2635; x_wconf 86' lang='lat' dir='ltr'><strong>Pa-</strong></span> 
     </span>
     <span class='ocr_line' id='line_1_30' title="bbox 181 2659 1625 2736; baseline -0.002 -21"><span class='ocrx_word' id='word_1_203' title='bbox 181 2687 291 2733; x_wconf 84' lang='lat' dir='ltr'><strong>rcrg.</strong></span> <span class='ocrx_word' id='word_1_204' title='bbox 328 2670 405 2716; x_wconf 85' lang='lat' dir='ltr'><strong>Vl.</strong></span> <span class='ocrx_word' id='word_1_205' title='bbox 444 2669 500 2718; x_wconf 81' lang='lat' dir='ltr'><strong>ad</strong></span> <span class='ocrx_word' id='word_1_206' title='bbox 538 2669 765 2719; x_wconf 74' lang='lat' dir='ltr'><strong>vindicias</strong></span> <span class='ocrx_word' id='word_1_207' title='bbox 800 2673 930 2735; x_wconf 72' lang='lat' dir='ltr'><strong>&#39;l&#39;rag</strong></span> <span class='ocrx_word' id='word_1_208' title='bbox 967 2671 1094 2719; x_wconf 87' lang='lat' dir='ltr'><strong>Rom.</strong></span> <span class='ocrx_word' id='word_1_209' title='bbox 1130 2671 1175 2718; x_wconf 88' lang='lat' dir='ltr'><strong>in</strong></span> <span class='ocrx_word' id='word_1_210' title='bbox 1212 2669 1400 2736; x_wconf 90' lang='lat' dir='ltr'><strong>Opuscc.</strong></span> <span class='ocrx_word' id='word_1_211' title='bbox 1434 2686 1475 2733; x_wconf 86' lang='lat' dir='ltr'><strong>p.</strong></span> <span class='ocrx_word' id='word_1_212' title='bbox 1511 2659 1625 2715; x_wconf 53' lang='lat'><strong>1⁰1.</strong></span> 
     </span>
    </p>
   </div>
  </div>
 </body>
</html>
