1826 3080
831 133 928 178 223

536 469 1220 518 INCERTA.

759 611 1006 618 ——-·—-—--——-=

867 730 894 765 1.

287 819 419 869 Anth.
444 818 534 868 Pal.
562 818 663 876 Vll,
693 817 806 867 431.
841 817 1060 878 ’Ἄδηλον
1098 822 1154 865 οἱ
1184 820 1240 864 δὲ
1274 824 1618 878 Σιμωνίδου·

152 902 226 948 ἐπὶ
248 901 312 964 τῷ
340 897 470 961 τάφῳ
495 900 587 944 τῶν
612 901 878 957 τριακοσίων
903 900 1179 959 στρατιωτῶν
1203 900 1294 944 τῶν
1317 897 1422 957 μετα
1443 899 1623 959 Ὀδρυά-

152 982 238 1027 δον
270 976 498 1026 πεσόντων
532 978 581 1024 ἐν
613 979 674 1039 τῷ
710 974 824 1037 πρός
843 974 1013 1037 Ἀργος
1046 978 1222 1040 πολέμῳ
1269 979 1340 1023 ἐπὶ
1373 980 1423 1037 τῇ
1460 977 1622 1038 evesa}-

150 1062 256 1116 τιδι,
291 1057 348 1106 de
381 1075 471 1123 qno
504 1076 542 1103 v.
578 1054 825 1121 Herod51,
858 1054 939 1104 82.

219 1172 323 1219 Οἵδε
353 1167 619 1229 τριηκόσιοι,
652 1168 844 1228 Σπάρτα
878 1175 1030 1230 πατρί,
1063 1176 1157 1224 τοῖς
1190 1172 1483 1228 συναρίθμοις

316 1246 548 1307 Ἰναχίδαις
582 1250 758 1307 Θυρέαν
792 1245 909 1307 ἀμφὶ
940 1247 1272 1307 μαχεσσάμενοι,

218 1326 410 1387 αὐχένας
444 1326 501 1373 οὐ
535 1328 819 1387 στρέψαντες,
857 1324 947 1375 ὅπα
981 1325 1121 1383 ποδός
1154 1331 1272 1386 ἴχνια
1307 1330 1479 1387 πρᾶτον

318 1404 594 1466 ἇρμόσαμεν,
627 1405 764 1468 ταύτᾳ
795 1410 868 1453 καὶ
900 1407 1086 1466 λίπομεν
1118 1405 1286 1466 βιοτάν.

206 1484 390 1545 ’Λρσενι
423 1485 462 1531 δ’
494 1484 748 1545 Ὀθρυάδαο
785 1485 915 1549 φόνῳ
950 1487 1291 1545 πεπαλυμμένον
1328 1481 1472 1532 ὅπλον

319 1563 547 1625 καρύσσει·
585 1567 758 1626 Θυρέα,
794 1569 904 1623 Ζεῦ,
939 1569 1312 1625 Λακεδαιμονίων.

221 1648 280 1692 Αἰ
313 1645 361 1691 δέ
393 1662 458 1698 τις
489 1644 697 1703 Ἀργείων
730 1647 894 1704 ἔφυγεν
927 1645 1094 1706 μόρον,
1127 1639 1183 1703 ἧς
1216 1642 1292 1691 ἄπ’
1324 1642 1589 1703 Ἀδράστου·

321 1723 509 1785 Σπάρτᾳ
543 1722 580 1770 δ’
615 1723 673 1772 οὐ
706 1722 758 1771 τό
791 1728 972 1782 θανεῖν,
1006 1722 1120 1771 ἄλλα
1154 1730 1311 1783 φυγεῖν
1344 1721 1552 1776 θάνατος.

995 1808 1013 1833 O

154 1846 427 1895 Simonidem
476 1859 695 1895 auctorem
746 1866 840 1896 esse
884 1849 1089 1897 carminis
1132 1848 1254 1896 nullo
1299 1859 1427 1914 pacto
1475 1846 1622 1894 crede-

58 1944 68 1959 ’
154 1945 264 1975 mus.
314 1925 510 1973 Primum
548 1926 663 1974 enim
698 1926 908 1993 puerulus
941 1927 1024 1976 suit
1047 1926 1298 1975 Simonides
1335 1945 1386 1974 eo
1415 1938 1626 1992 tempore,

153 2024 243 2071 quo
278 2003 548 2053 nobilissima
593 2024 744 2072 pugna
777 2018 973 2073 pugnata
1007 2018 1091 2063 est,
1136 2004 1317 2074 Olymp.
1353 2005 1538 2061 Lv111.‚
1588 2024 1623 2051 v.

151 2083 354 2133 Muelleri
395 2085 524 2134 Dorr.
568 2085 610 2142 Ι,
654 2104 697 2152 p.
739 2085 870 2135 158:
919 2104 1059 2152 neque
1105 2083 1312 2134 credibile
1359 2096 1443 2141 est,
1487 2082 1626 2131 multo

153 2175 254 2230 post
287 2163 405 2212 illam
448 2176 644 2231 tempore
678 2163 962 2231 Epigramma
1004 2164 1263 2231 inscriptum
1308 2181 1401 2212 esse
1443 2161 1623 2211 tumulo.

152 2242 324 2291 Deinde
359 2255 460 2291 sunt
495 2243 538 2291 in
577 2243 729 2291 formis
763 2243 934 2293 dialecti
972 2243 1157 2292 Doricae
1200 2242 1416 2309 quaedam
1460 2241 1517 2289 ab
1554 2240 1623 2288 Si-

154 2322 332 2371 monide
375 2322 538 2380 aliena,
588 2343 623 2372 v.
679 2323 863 2372 Praesat.
910 2323 1082 2390 Epigrr.
1135 2341 1176 2389 p.
1226 2323 1333 2374 140.
1410 2322 1527 2368 Tum
1572 2338 1626 2367 ue

153 2402 360 2451 credibile
394 2402 572 2469 quidem
610 2414 697 2460 est,
732 2404 858 2452 istam
896 2402 1194 2468 garrulitatem
1229 2403 1274 2450 in
1310 2400 1454 2468 lapide
1495 2399 1626 2448 fuisse

151 2482 526 2539 Lacedaemonio,
575 2501 687 2549 quae
743 2483 799 2531 ab
848 2485 1070 2531 Laconum
1120 2482 1318 2530 moribus
1370 2492 1461 2530 toto
1505 2478 1624 2528 caelo

151 2562 397 2611 abhorreat.
467 2562 669 2629 Denique
712 2562 881 2611 indoles
925 2562 1113 2610 universi
1150 2559 1491 2628 Epigrammatis
1535 2576 1624 2607 non

151 2640 291 2691 solum
338 2661 426 2689 uon
474 2641 728 2691 Simoniden
773 2655 858 2697 est,
916 2642 994 2690 sed
1039 2642 1220 2691 omnino
1269 2660 1322 2689 ne
1367 2638 1628 2704 antiquioris

151 2720 326 2785 quidem
361 2733 525 2787 poetae.
