1826 3080
945 132 967 163 ¹4

229 256 434 326 Victor-iu.
469 273 509 320 p.
545 253 698 310 2518,
736 253 808 299 12.
843 250 1017 299 Putsch.
1054 250 1389 299 »Pentametrus
1421 251 1692 300 catalecticus

227 338 328 398 (scr.
363 336 513 398 acat.)‚
548 332 624 397 qui
657 349 680 379 e
715 330 931 395 quinque,
963 341 1013 377 ut

424 444 631 494 Phoebus
666 462 735 491 me
770 441 919 490 docuit
950 442 1055 507 juga
1088 441 1311 490 Pieridum
1349 443 1483 508 sequi.
1558 439 1560 442 ’

216 571 283 643 ‘Et
316 571 400 619 hoc
435 568 730 617 Simonidium
768 566 971 614 dicitur«
1045 566 1104 614 At
1139 565 1382 632 exemplum
1417 564 1529 614 illud
1562 566 1693 616 versi-

228 650 313 698 culi
356 661 419 698 est
460 646 715 712 logaoedici.
795 645 926 693 Adde
968 644 1087 693 Serv.
1133 645 1315 694 Centim.
1350 665 1391 712 p.
1430 646 1584 703 1820,
1616 648 1694 695 25.

228 727 524 777 Simonidium
560 736 727 774 constat
762 725 958 772 trimetro
994 723 1287 783 acatalectico,
1321 737 1370 773 ut
1403 737 1467 773 est
1498 713 1627 772 hoc?

627 837 769 885 Indue
803 837 935 903 pallia
970 838 1117 885 serica.
1128 858 1150 878 «

227 965 397 1014 Marius
438 962 650 1010 Victorin.
703 981 744 1027 p.
788 961 940 1018 2518,
992 962 1035 1008 4.
1104 961 1380 1008 »Trimetrus
1429 959 1699 1019 acatalectus‚

230 1044 305 1109 qui
340 1061 362 1090 e
398 1041 559 1097 tribus,
595 1051 644 1087 ut

598 1152 679 1199 Cui
714 1170 805 1199 non
842 1151 983 1199 dictus
1018 1151 1158 1218 Hylas
1192 1170 1312 1217 puer.

230 1279 328 1326 Hoc
362 1275 543 1335 ἦμιεπὲς
575 1275 749 1332 dicitur,
783 1293 872 1340 quo
899 1274 1150 1323 Simonides
1182 1274 1433 1340 frequenter
1461 1293 1567 1322 usus
1593 1285 1702 1322 est«

230 1357 288 1404 Et
322 1355 498 1403 Servius
532 1373 574 1420 p.
614 1354 766 1411 1820,
799 1353 878 1401 44.
922 1353 1065 1401 eidem
1098 1353 1426 1401 Pentametrum
1461 1351 1702 1401 acatalecti-

230 1454 330 1483 cum
365 1433 540 1490 tribuit,
574 1431 659 1480 hoc
694 1431 891 1498 exemplo
927 1432 1148 1499 apposito:

416 1545 774 1611 Parthenopaeus
813 1556 904 1592 erat
938 1562 1049 1609 puer
1081 1542 1296 1590 Arcadiae
1331 1541 1475 1591 decus.
1485 1562 1508 1582 «

233 1671 325 1733 Qui
361 1668 538 1734 quidem
590 1686 740 1715 versus
781 1685 956 1723 omnes,
1000 1667 1036 1715 si
1079 1685 1172 1714 non
1206 1664 1446 1730 logaoedici
1481 1677 1626 1723 erant,
1658 1664 1705 1712 in

234 1748 482 1816 systematis
533 1746 758 1794 habebant
811 1745 978 1802 locum,
1034 1744 1165 1792 veluti
1215 1743 1378 1793 similes
1423 1755 1591 1792 exstant
1632 1744 1703 1791 Fr.

233 1827 396 1875 Thren.
439 1827 497 1883 L,
543 1824 587 1872 4.
621 1827 700 1872 20.
775 1823 917 1872 Elusit
961 1842 1144 1871 acumen
1180 1823 1579 1872 Grammaticorum
1613 1821 1704 1891 syl—

235 1906 336 1954 laba
371 1903 516 1953 finalis
551 1921 724 1969 anceps,
758 1922 845 1968 qua
874 1902 1125 1951 Simonides
1157 1901 1415 1968 plerumque
1447 1902 1568 1950 brevi
1600 1920 1706 1950 usus

236 1985 418 2033 videtur.
508 1983 738 2031 Praeterea
793 2001 919 2030 versu
965 1981 1263 2039 Archebuleo‚
1309 1981 1432 2046 cujus
1483 1981 1592 2030 haec
1643 1992 1708 2030 est

235 2063 422 2128 species:

670 2211 1279 2230 x—vv—uu—vv—v—e'

239 2317 343 2347 usus
380 2297 540 2345 dicitur
583 2296 703 2362 apud
736 2295 837 2344 Atil.
874 2296 1097 2344 Fortunat.
1142 2314 1184 2361 p.
1218 2296 1363 2343 2673.
1410 2306 1452 2343 et
1482 2295 1596 2344 Mar.
1629 2293 1707 2343 Vi·

239 2390 343 2425 ctor.
379 2377 464 2433 ΙΙΙ,
502 2394 544 2440 p.
579 2377 723 2423 2582.
777 2374 986 2440 Ejusdem
1022 2375 1199 2422 nomine
1231 2373 1420 2440 appellat
1453 2373 1572 2422 Serv.
1594 2373 1706 2422 Cen-

238 2457 328 2505 tim.
371 2475 412 2521 p.
464 2455 613 2510 1822,
663 2455 734 2500 19.
791 2453 1114 2520 anapaesticum
1158 2453 1400 2501 trimetrum
1447 2453 1705 2522 hypercata-

239 2534 419 2590 lectum‚
454 2551 584 2598 quem
618 2545 762 2589 vocat,
798 2533 880 2581 hoc
911 2532 1062 2580 addito
1095 2533 1357 2599 specimine:

304 2612 468 2660 »Tuba
491 2611 675 2660 terribili
709 2612 862 2677 procul
884 2630 981 2661 aere
1008 2623 1148 2669 sonat,
1181 2611 1369 2678 clipeum
1390 2622 1520 2678 quate
1538 2609 1706 2659 miles«

236 2692 384 2754 Quem
421 2709 591 2740 versum
626 2702 746 2757 patet
779 2691 903 2740 aliter
934 2690 1202 2739 metiendum
1236 2709 1341 2739 esse.
