<?xml version="1.0" encoding="UTF-8"?>
<!DOCTYPE html PUBLIC "-//W3C//DTD XHTML 1.0 Transitional//EN"
    "http://www.w3.org/TR/xhtml1/DTD/xhtml1-transitional.dtd">
<html xmlns="http://www.w3.org/1999/xhtml" xml:lang="en" lang="en">
 <head>
  <title>
</title>
<meta http-equiv="Content-Type" content="text/html;charset=utf-8" />
  <meta name='ocr-system' content='tesseract 3.04.00' />
  <meta name='ocr-capabilities' content='ocr_page ocr_carea ocr_par ocr_line ocrx_word'/>
</head>
<body>
  <div class='ocr_page' id='page_1' title='image "./simonidisceicarm00simouoft_0127.png"; bbox 0 0 1826 3080; ppageno 0'>
   <div class='ocr_carea' id='block_1_1' title="bbox 889 137 952 185">
    <p class='ocr_par' dir='ltr' id='par_1_1' title="bbox 889 137 952 185">
     <span class='ocr_line' id='line_1_1' title="bbox 889 137 952 185; baseline 0 0"><span class='ocrx_word' id='word_1_1' title='bbox 889 137 952 185; x_wconf 79' lang='lat'>63</span> 
     </span>
    </p>
   </div>
   <div class='ocr_carea' id='block_1_2' title="bbox 180 269 1673 2008">
    <p class='ocr_par' dir='ltr' id='par_1_2' title="bbox 180 269 1673 2008">
     <span class='ocr_line' id='line_1_2' title="bbox 181 269 1662 332; baseline 0.001 -14"><span class='ocrx_word' id='word_1_2' title='bbox 181 275 271 332; x_wconf 54' lang='grc' dir='ltr'>,ὃς</span> <span class='ocrx_word' id='word_1_3' title='bbox 309 272 499 332; x_wconf 68' lang='grc' dir='ltr'>μέγεθος</span> <span class='ocrx_word' id='word_1_4' title='bbox 543 271 743 330; x_wconf 69' lang='grc' dir='ltr'>ἐναργῶς</span> <span class='ocrx_word' id='word_1_5' title='bbox 787 273 1049 331; x_wconf 70' lang='grc' dir='ltr'>διαθέμενος</span> <span class='ocrx_word' id='word_1_6' title='bbox 1077 269 1493 331; x_wconf 72' lang='grc' dir='ltr'><strong><em>μεγαλοφόνως</em></strong></span> <span class='ocrx_word' id='word_1_7' title='bbox 1525 269 1662 319; x_wconf 60' lang='grc' dir='ltr'>ἐδύ-</span> 
     </span>
     <span class='ocr_line' id='line_1_3' title="bbox 181 349 1666 417; baseline 0.001 -18"><span class='ocrx_word' id='word_1_8' title='bbox 181 368 330 413; x_wconf 69' lang='grc' dir='ltr'><strong>ρατο.</strong></span> <span class='ocrx_word' id='word_1_9' title='bbox 400 349 450 400; x_wconf 84' lang='lat' dir='ltr'>si</span> <span class='ocrx_word' id='word_1_10' title='bbox 484 361 630 399; x_wconf 85' lang='lat' dir='ltr'>autem</span> <span class='ocrx_word' id='word_1_11' title='bbox 665 350 732 399; x_wconf 86' lang='lat' dir='ltr'>fas</span> <span class='ocrx_word' id='word_1_12' title='bbox 767 362 832 399; x_wconf 86' lang='lat' dir='ltr'>est</span> <span class='ocrx_word' id='word_1_13' title='bbox 864 368 915 399; x_wconf 87' lang='lat' dir='ltr'>ex</span> <span class='ocrx_word' id='word_1_14' title='bbox 949 349 1103 416; x_wconf 84' lang='lat' dir='ltr'>paucis</span> <span class='ocrx_word' id='word_1_15' title='bbox 1135 350 1191 400; x_wconf 81' lang='lat' dir='ltr'>iis</span> <span class='ocrx_word' id='word_1_16' title='bbox 1223 368 1338 417; x_wconf 85' lang='lat' dir='ltr'>quac</span> <span class='ocrx_word' id='word_1_17' title='bbox 1371 362 1556 400; x_wconf 79' lang='lat' dir='ltr'>aetatem</span> <span class='ocrx_word' id='word_1_18' title='bbox 1591 357 1666 400; x_wconf 61' lang='lat' dir='ltr'>tu:</span> 
     </span>
     <span class='ocr_line' id='line_1_4' title="bbox 180 428 1660 497; baseline -0.003 -16"><span class='ocrx_word' id='word_1_19' title='bbox 180 430 327 482; x_wconf 80' lang='lat' dir='ltr'>lerunt</span> <span class='ocrx_word' id='word_1_20' title='bbox 369 429 665 497; x_wconf 72' lang='lat' dir='ltr'>conjecturam</span> <span class='ocrx_word' id='word_1_21' title='bbox 712 428 973 496; x_wconf 85' lang='lat' dir='ltr'>periclitari,</span> <span class='ocrx_word' id='word_1_22' title='bbox 1026 429 1304 479; x_wconf 81' lang='lat' dir='ltr'>Pindarus</span> <span class='ocrx_word' id='word_1_23' title='bbox 1352 429 1660 479; x_wconf 84' lang='lat' dir='ltr'>defunctorum</span> 
     </span>
     <span class='ocr_line' id='line_1_5' title="bbox 181 508 1663 578; baseline -0.003 -18"><span class='ocrx_word' id='word_1_24' title='bbox 181 509 347 578; x_wconf 73' lang='lat' dir='ltr'>gaudia</span> <span class='ocrx_word' id='word_1_25' title='bbox 378 508 731 576; x_wconf 80' lang='lat' dir='ltr'>magnificentius</span> <span class='ocrx_word' id='word_1_26' title='bbox 764 508 1020 557; x_wconf 85' lang='lat' dir='ltr'>exornando</span> <span class='ocrx_word' id='word_1_27' title='bbox 1056 521 1097 558; x_wconf 87' lang='lat' dir='ltr'>et</span> <span class='ocrx_word' id='word_1_28' title='bbox 1132 508 1249 558; x_wconf 88' lang='lat' dir='ltr'>dulci</span> <span class='ocrx_word' id='word_1_29' title='bbox 1284 527 1363 576; x_wconf 88' lang='lat' dir='ltr'>spe</span> <span class='ocrx_word' id='word_1_30' title='bbox 1394 508 1567 557; x_wconf 84' lang='lat' dir='ltr'>futurae</span> <span class='ocrx_word' id='word_1_31' title='bbox 1599 508 1663 556; x_wconf 80' lang='lat' dir='ltr'>vi-</span> 
     </span>
     <span class='ocr_line' id='line_1_6' title="bbox 180 587 1661 650; baseline -0.005 -10"><span class='ocrx_word' id='word_1_32' title='bbox 180 601 252 640; x_wconf 78' lang='lat' dir='ltr'>tae</span> <span class='ocrx_word' id='word_1_33' title='bbox 284 589 562 640; x_wconf 56' lang='lat' dir='ltr'>contristatos</span> <span class='ocrx_word' id='word_1_34' title='bbox 594 607 776 638; x_wconf 87' lang='lat' dir='ltr'>suorum</span> <span class='ocrx_word' id='word_1_35' title='bbox 812 588 936 637; x_wconf 86' lang='lat' dir='ltr'>obitu</span> <span class='ocrx_word' id='word_1_36' title='bbox 973 589 1146 638; x_wconf 86' lang='lat' dir='ltr'>animos</span> <span class='ocrx_word' id='word_1_37' title='bbox 1179 587 1452 638; x_wconf 88' lang='lat' dir='ltr'>consolando</span> <span class='ocrx_word' id='word_1_38' title='bbox 1496 587 1555 650; x_wconf 83' lang='lat' dir='ltr'>(v.</span> <span class='ocrx_word' id='word_1_39' title='bbox 1591 587 1661 635; x_wconf 83' lang='lat' dir='ltr'>Fr.</span> 
     </span>
     <span class='ocr_line' id='line_1_7' title="bbox 182 667 1664 735; baseline -0.002 -16"><span class='ocrx_word' id='word_1_40' title='bbox 182 670 281 735; x_wconf 79' lang='lat' dir='ltr'>lv.)</span> <span class='ocrx_word' id='word_1_41' title='bbox 320 667 526 719; x_wconf 73' lang='lat' dir='ltr'>lacrimas</span> <span class='ocrx_word' id='word_1_42' title='bbox 567 667 870 733; x_wconf 78' lang='lat' dir='ltr'>abstergebat,</span> <span class='ocrx_word' id='word_1_43' title='bbox 913 669 988 735; x_wconf 91' lang='lat' dir='ltr'>qui</span> <span class='ocrx_word' id='word_1_44' title='bbox 1033 668 1211 735; x_wconf 90' lang='lat' dir='ltr'>quidem</span> <span class='ocrx_word' id='word_1_45' title='bbox 1256 667 1429 717; x_wconf 80' lang='lat' dir='ltr'>divinae</span> <span class='ocrx_word' id='word_1_46' title='bbox 1471 667 1664 734; x_wconf 83' lang='lat' dir='ltr'>pai-ticu-</span> 
     </span>
     <span class='ocr_line' id='line_1_8' title="bbox 181 746 1663 815; baseline -0.003 -16"><span class='ocrx_word' id='word_1_47' title='bbox 181 748 278 799; x_wconf 82' lang='lat' dir='ltr'>lam</span> <span class='ocrx_word' id='word_1_48' title='bbox 313 766 447 798; x_wconf 79' lang='lat' dir='ltr'>aurae</span> <span class='ocrx_word' id='word_1_49' title='bbox 494 765 704 815; x_wconf 81' lang='lat' dir='ltr'>superare</span> <span class='ocrx_word' id='word_1_50' title='bbox 757 746 928 795; x_wconf 90' lang='lat' dir='ltr'>Orcum</span> <span class='ocrx_word' id='word_1_51' title='bbox 985 746 1195 797; x_wconf 80' lang='lat' dir='ltr'><strong>docuerit.</strong></span> <span class='ocrx_word' id='word_1_52' title='bbox 1283 748 1447 797; x_wconf 86' lang='lat' dir='ltr'>Contra</span> <span class='ocrx_word' id='word_1_53' title='bbox 1498 759 1663 815; x_wconf 87' lang='lat' dir='ltr'>poeta</span> 
     </span>
     <span class='ocr_line' id='line_1_9' title="bbox 182 826 1663 894; baseline -0.003 -15"><span class='ocrx_word' id='word_1_54' title='bbox 182 829 323 879; x_wconf 79' lang='lat' dir='ltr'>Ceus</span> <span class='ocrx_word' id='word_1_55' title='bbox 364 828 412 878; x_wconf 88' lang='lat' dir='ltr'>iu</span> <span class='ocrx_word' id='word_1_56' title='bbox 456 827 634 877; x_wconf 87' lang='lat' dir='ltr'>mollem</span> <span class='ocrx_word' id='word_1_57' title='bbox 677 826 844 879; x_wconf 85' lang='lat' dir='ltr'>luctum</span> <span class='ocrx_word' id='word_1_58' title='bbox 878 827 1105 893; x_wconf 84' lang='lat' dir='ltr'>profusior</span> <span class='ocrx_word' id='word_1_59' title='bbox 1145 827 1287 893; x_wconf 89' lang='lat' dir='ltr'>(unde</span> <span class='ocrx_word' id='word_1_60' title='bbox 1322 840 1387 877; x_wconf 86' lang='lat' dir='ltr'>est</span> <span class='ocrx_word' id='word_1_61' title='bbox 1421 826 1544 894; x_wconf 87' lang='lat' dir='ltr'>apud</span> <span class='ocrx_word' id='word_1_62' title='bbox 1579 827 1663 875; x_wconf 90' lang='lat' dir='ltr'>Ca-</span> 
     </span>
     <span class='ocr_line' id='line_1_10' title="bbox 180 906 1664 965; baseline -0.002 -8"><span class='ocrx_word' id='word_1_63' title='bbox 180 907 339 958; x_wconf 84' lang='lat' dir='ltr'>tullum</span> <span class='ocrx_word' id='word_1_64' title='bbox 384 926 518 957; x_wconf 88' lang='lat' dir='ltr'>carm.</span> <span class='ocrx_word' id='word_1_65' title='bbox 560 909 668 965; x_wconf 85' lang='lat' dir='ltr'>XX,</span> <span class='ocrx_word' id='word_1_66' title='bbox 716 907 791 956; x_wconf 84' lang='lat'>18.</span> <span class='ocrx_word' id='word_1_67' title='bbox 859 907 1128 956; x_wconf 86' lang='lat' dir='ltr'>Maestius</span> <span class='ocrx_word' id='word_1_68' title='bbox 1170 906 1440 956; x_wconf 82' lang='lat' dir='ltr'>lacrumis</span> <span class='ocrx_word' id='word_1_69' title='bbox 1484 907 1664 956; x_wconf 89' lang='lat' dir='ltr'>Simo-</span> 
     </span>
     <span class='ocr_line' id='line_1_11' title="bbox 181 986 1663 1052; baseline -0.001 -16"><span class='ocrx_word' id='word_1_70' title='bbox 181 986 424 1048; x_wconf 66' lang='lat' dir='ltr'>nideis),</span> <span class='ocrx_word' id='word_1_71' title='bbox 465 986 686 1035; x_wconf 86' lang='lat' dir='ltr'>humanae</span> <span class='ocrx_word' id='word_1_72' title='bbox 732 986 862 1035; x_wconf 86' lang='lat' dir='ltr'>sortis</span> <span class='ocrx_word' id='word_1_73' title='bbox 908 987 1108 1036; x_wconf 79' lang='lat' dir='ltr'>miserias</span> <span class='ocrx_word' id='word_1_74' title='bbox 1151 998 1195 1036; x_wconf 90' lang='lat' dir='ltr'>et</span> <span class='ocrx_word' id='word_1_75' title='bbox 1235 987 1347 1035; x_wconf 84' lang='lat' dir='ltr'>vitae</span> <span class='ocrx_word' id='word_1_76' title='bbox 1383 986 1663 1052; x_wconf 81' lang='lat' dir='ltr'>fragilitatem</span> 
     </span>
     <span class='ocr_line' id='line_1_12' title="bbox 181 1065 1665 1132; baseline -0.002 -15"><span class='ocrx_word' id='word_1_77' title='bbox 181 1065 503 1117; x_wconf 73' lang='lat' dir='ltr'>collau-imatus</span> <span class='ocrx_word' id='word_1_78' title='bbox 536 1066 806 1115; x_wconf 82' lang='lat' dir='ltr'>suavissimis</span> <span class='ocrx_word' id='word_1_79' title='bbox 846 1065 1050 1116; x_wconf 85' lang='lat' dir='ltr'>sensibus</span> <span class='ocrx_word' id='word_1_80' title='bbox 1092 1067 1265 1116; x_wconf 89' lang='lat' dir='ltr'>animos</span> <span class='ocrx_word' id='word_1_81' title='bbox 1296 1066 1530 1116; x_wconf 88' lang='lat' dir='ltr'>bominum</span> <span class='ocrx_word' id='word_1_82' title='bbox 1564 1084 1665 1132; x_wconf 90' lang='lat' dir='ltr'>per-</span> 
     </span>
     <span class='ocr_line' id='line_1_13' title="bbox 181 1134 1665 1214; baseline -0.001 -18"><span class='ocrx_word' id='word_1_83' title='bbox 181 1145 319 1203; x_wconf 73' lang='lat' dir='ltr'>fudit:</span> <span class='ocrx_word' id='word_1_84' title='bbox 364 1165 453 1214; x_wconf 86' lang='lat' dir='ltr'>qua</span> <span class='ocrx_word' id='word_1_85' title='bbox 495 1165 545 1195; x_wconf 86' lang='lat' dir='ltr'>rc</span> <span class='ocrx_word' id='word_1_86' title='bbox 586 1146 717 1196; x_wconf 87' lang='lat' dir='ltr'>sciret</span> <span class='ocrx_word' id='word_1_87' title='bbox 755 1146 1074 1195; x_wconf 75' lang='lat' dir='ltr'>incredibiliter</span> <span class='ocrx_word' id='word_1_88' title='bbox 1106 1145 1301 1212; x_wconf 86' lang='lat' dir='ltr'>abjectos</span> <span class='ocrx_word' id='word_1_89' title='bbox 1335 1134 1508 1195; x_wconf 85' lang='lat' dir='ltr'>animos</span> <span class='ocrx_word' id='word_1_90' title='bbox 1542 1164 1665 1195; x_wconf 88' lang='lat' dir='ltr'>resu-</span> 
     </span>
     <span class='ocr_line' id='line_1_14' title="bbox 182 1224 1670 1293; baseline -0.002 -17"><span class='ocrx_word' id='word_1_91' title='bbox 182 1226 329 1277; x_wconf 80' lang='lat' dir='ltr'>scitari</span> <span class='ocrx_word' id='word_1_92' title='bbox 363 1238 408 1275; x_wconf 85' lang='lat' dir='ltr'>ct</span> <span class='ocrx_word' id='word_1_93' title='bbox 440 1225 561 1275; x_wconf 88' lang='lat' dir='ltr'>molli</span> <span class='ocrx_word' id='word_1_94' title='bbox 600 1226 794 1293; x_wconf 86' lang='lat' dir='ltr'>quadam</span> <span class='ocrx_word' id='word_1_95' title='bbox 832 1225 1215 1275; x_wconf 79' lang='lat' dir='ltr'>commiseratione</span> <span class='ocrx_word' id='word_1_96' title='bbox 1250 1225 1464 1275; x_wconf 85' lang='lat' dir='ltr'>delenitos</span> <span class='ocrx_word' id='word_1_97' title='bbox 1498 1225 1545 1274; x_wconf 87' lang='lat' dir='ltr'>in</span> <span class='ocrx_word' id='word_1_98' title='bbox 1580 1224 1670 1273; x_wconf 88' lang='lat' dir='ltr'>lae-</span> 
     </span>
     <span class='ocr_line' id='line_1_15' title="bbox 182 1304 1668 1372; baseline -0.002 -16"><span class='ocrx_word' id='word_1_99' title='bbox 182 1306 340 1357; x_wconf 72' lang='lat' dir='ltr'>tion-em</span> <span class='ocrx_word' id='word_1_100' title='bbox 387 1324 509 1372; x_wconf 77' lang='lat' dir='ltr'>spem</span> <span class='ocrx_word' id='word_1_101' title='bbox 563 1305 685 1370; x_wconf 83' lang='lat' dir='ltr'>erigi.</span> <span class='ocrx_word' id='word_1_102' title='bbox 778 1306 894 1353; x_wconf 86' lang='lat' dir='ltr'>Nam</span> <span class='ocrx_word' id='word_1_103' title='bbox 939 1304 1062 1371; x_wconf 90' lang='lat' dir='ltr'>quod</span> <span class='ocrx_word' id='word_1_104' title='bbox 1105 1317 1170 1354; x_wconf 89' lang='lat' dir='ltr'>est</span> <span class='ocrx_word' id='word_1_105' title='bbox 1213 1305 1333 1372; x_wconf 86' lang='lat' dir='ltr'>apud</span> <span class='ocrx_word' id='word_1_106' title='bbox 1379 1305 1668 1356; x_wconf 78' lang='lat' dir='ltr'>Plutarchum</span> 
     </span>
     <span class='ocr_line' id='line_1_16' title="bbox 183 1381 1667 1453; baseline -0.002 -20"><span class='ocrx_word' id='word_1_107' title='bbox 183 1383 413 1453; x_wconf 78' lang='lat' dir='ltr'>Symposs.</span> <span class='ocrx_word' id='word_1_108' title='bbox 452 1383 548 1440; x_wconf 83' lang='grc' dir='ltr'>ΙΙΙ,</span> <span class='ocrx_word' id='word_1_109' title='bbox 582 1384 637 1441; x_wconf 85' lang='grc'>8,</span> <span class='ocrx_word' id='word_1_110' title='bbox 662 1388 716 1441; x_wconf 54' lang='grc'>,2.</span> <span class='ocrx_word' id='word_1_111' title='bbox 790 1382 851 1431; x_wconf 87' lang='grc' dir='ltr'><em>Ἡ</em></span> <span class='ocrx_word' id='word_1_112' title='bbox 876 1388 1109 1446; x_wconf 80' lang='grc' dir='ltr'><strong><em>θρηνῳδία</em></strong></span> <span class='ocrx_word' id='word_1_113' title='bbox 1138 1387 1213 1431; x_wconf 75' lang='grc' dir='ltr'>καὶ</span> <span class='ocrx_word' id='word_1_114' title='bbox 1248 1383 1275 1432; x_wconf 84' lang='grc' dir='ltr'>ὁ</span> <span class='ocrx_word' id='word_1_115' title='bbox 1309 1385 1557 1445; x_wconf 76' lang='grc' dir='ltr'><strong><em>ἐπικήδειος</em></strong></span> <span class='ocrx_word' id='word_1_116' title='bbox 1590 1381 1667 1430; x_wconf 55' lang='grc' dir='ltr'>αὖ.</span> 
     </span>
     <span class='ocr_line' id='line_1_17' title="bbox 183 1462 1667 1525; baseline -0.001 -14"><span class='ocrx_word' id='word_1_117' title='bbox 183 1462 264 1520; x_wconf 73' lang='grc' dir='ltr'>λός</span> <span class='ocrx_word' id='word_1_118' title='bbox 295 1466 347 1511; x_wconf 81' lang='grc' dir='ltr'>ἐν</span> <span class='ocrx_word' id='word_1_119' title='bbox 379 1463 495 1524; x_wconf 69' lang='grc' dir='ltr'>ἀρχῇ</span> <span class='ocrx_word' id='word_1_120' title='bbox 531 1462 682 1518; x_wconf 73' lang='grc' dir='ltr'><strong><em>πάθος</em></strong></span> <span class='ocrx_word' id='word_1_121' title='bbox 714 1470 829 1509; x_wconf 82' lang='grc' dir='ltr'><strong><em>κινεῖ</em></strong></span> <span class='ocrx_word' id='word_1_122' title='bbox 857 1466 931 1510; x_wconf 71' lang='grc' dir='ltr'>καὶ</span> <span class='ocrx_word' id='word_1_123' title='bbox 963 1463 1162 1523; x_wconf 77' lang='grc' dir='ltr'><strong><em>δάκρυον</em></strong></span> <span class='ocrx_word' id='word_1_124' title='bbox 1195 1464 1418 1524; x_wconf 75' lang='grc' dir='ltr'><strong><em>ἐκβάλλει,</em></strong></span> <span class='ocrx_word' id='word_1_125' title='bbox 1453 1463 1667 1525; x_wconf 75' lang='grc' dir='ltr'><em>προάγων</em></span> 
     </span>
     <span class='ocr_line' id='line_1_18' title="bbox 185 1539 1670 1605; baseline -0.001 -13"><span class='ocrx_word' id='word_1_126' title='bbox 185 1546 234 1592; x_wconf 64' lang='grc' dir='ltr'><strong><em>δῦ</em></strong></span> <span class='ocrx_word' id='word_1_127' title='bbox 265 1541 349 1603; x_wconf 53' lang='lat' dir='ltr'>viv</span> <span class='ocrx_word' id='word_1_128' title='bbox 380 1541 532 1602; x_wconf 67' lang='grc' dir='ltr'><strong><em>ψυχήν</em></strong></span> <span class='ocrx_word' id='word_1_129' title='bbox 564 1546 628 1597; x_wconf 78' lang='grc' dir='ltr'>εἰς</span> <span class='ocrx_word' id='word_1_130' title='bbox 661 1543 836 1598; x_wconf 75' lang='grc' dir='ltr'><strong><em>οἶκτον,</em></strong></span> <span class='ocrx_word' id='word_1_131' title='bbox 886 1539 1006 1591; x_wconf 73' lang='grc' dir='ltr'><strong><em>οὕτω</em></strong></span> <span class='ocrx_word' id='word_1_132' title='bbox 1048 1542 1160 1592; x_wconf 60' lang='lat' dir='ltr'>noct&amp;</span> <span class='ocrx_word' id='word_1_133' title='bbox 1200 1543 1360 1605; x_wconf 76' lang='grc' dir='ltr'><strong><em>μικρόν</em></strong></span> <span class='ocrx_word' id='word_1_134' title='bbox 1403 1548 1565 1604; x_wconf 76' lang='grc' dir='ltr'><strong><em>ἐξαίρει</em></strong></span> <span class='ocrx_word' id='word_1_135' title='bbox 1596 1546 1670 1590; x_wconf 75' lang='grc' dir='ltr'>καὶ</span> 
     </span>
     <span class='ocr_line' id='line_1_19' title="bbox 184 1619 1671 1681; baseline -0.001 -9"><span class='ocrx_word' id='word_1_136' title='bbox 184 1623 410 1672; x_wconf 53' lang='lat' dir='ltr'>&amp;cacam</span> <span class='ocrx_word' id='word_1_137' title='bbox 441 1619 495 1669; x_wconf 68' lang='lat' dir='ltr'>ed</span> <span class='ocrx_word' id='word_1_138' title='bbox 528 1621 783 1681; x_wconf 72' lang='grc' dir='ltr'><strong><em>λυπητικόν.</em></strong></span> <span class='ocrx_word' id='word_1_139' title='bbox 854 1622 1127 1672; x_wconf 77' lang='lat' dir='ltr'>mollissimis</span> <span class='ocrx_word' id='word_1_140' title='bbox 1154 1635 1300 1673; x_wconf 89' lang='lat' dir='ltr'>autem</span> <span class='ocrx_word' id='word_1_141' title='bbox 1335 1624 1510 1672; x_wconf 82' lang='lat' dir='ltr'>fletibus</span> <span class='ocrx_word' id='word_1_142' title='bbox 1546 1623 1671 1672; x_wconf 86' lang='lat' dir='ltr'>miri-</span> 
     </span>
     <span class='ocr_line' id='line_1_20' title="bbox 184 1701 1670 1770; baseline -0.001 -17"><span class='ocrx_word' id='word_1_143' title='bbox 184 1704 265 1753; x_wconf 83' lang='lat' dir='ltr'>fice</span> <span class='ocrx_word' id='word_1_144' title='bbox 305 1701 523 1751; x_wconf 85' lang='lat' dir='ltr'>alliciebat</span> <span class='ocrx_word' id='word_1_145' title='bbox 566 1713 693 1768; x_wconf 86' lang='lat' dir='ltr'>poeta</span> <span class='ocrx_word' id='word_1_146' title='bbox 739 1702 1002 1752; x_wconf 83' lang='lat' dir='ltr'>tenerrimus</span> <span class='ocrx_word' id='word_1_147' title='bbox 1042 1703 1109 1752; x_wconf 80' lang='lat' dir='ltr'>vel</span> <span class='ocrx_word' id='word_1_148' title='bbox 1144 1704 1451 1770; x_wconf 81' lang='lat' dir='ltr'>posteriorum·</span> <span class='ocrx_word' id='word_1_149' title='bbox 1472 1702 1670 1752; x_wconf 89' lang='lat' dir='ltr'>saeculo-</span> 
     </span>
     <span class='ocr_line' id='line_1_21' title="bbox 184 1782 1672 1850; baseline -0.002 -16"><span class='ocrx_word' id='word_1_150' title='bbox 184 1801 284 1834; x_wconf 80' lang='lat' dir='ltr'>rum</span> <span class='ocrx_word' id='word_1_151' title='bbox 334 1782 562 1838; x_wconf 86' lang='lat' dir='ltr'>homines,</span> <span class='ocrx_word' id='word_1_152' title='bbox 609 1794 659 1830; x_wconf 91' lang='lat' dir='ltr'>ut</span> <span class='ocrx_word' id='word_1_153' title='bbox 698 1800 798 1831; x_wconf 88' lang='lat' dir='ltr'>eum</span> <span class='ocrx_word' id='word_1_154' title='bbox 843 1782 889 1830; x_wconf 88' lang='lat' dir='ltr'>in</span> <span class='ocrx_word' id='word_1_155' title='bbox 931 1783 1016 1831; x_wconf 89' lang='lat' dir='ltr'>boc</span> <span class='ocrx_word' id='word_1_156' title='bbox 1061 1783 1241 1850; x_wconf 87' lang='lat' dir='ltr'>quidem</span> <span class='ocrx_word' id='word_1_157' title='bbox 1287 1802 1450 1849; x_wconf 82' lang='lat' dir='ltr'>genere</span> <span class='ocrx_word' id='word_1_158' title='bbox 1490 1782 1672 1850; x_wconf 81' lang='lat' dir='ltr'>reliquis</span> 
     </span>
     <span class='ocr_line' id='line_1_22' title="bbox 183 1862 1671 1933; baseline -0.001 -20"><span class='ocrx_word' id='word_1_159' title='bbox 183 1864 325 1933; x_wconf 79' lang='lat' dir='ltr'>poetis</span> <span class='ocrx_word' id='word_1_160' title='bbox 357 1862 626 1911; x_wconf 84' lang='lat' dir='ltr'>anteferrent</span> <span class='ocrx_word' id='word_1_161' title='bbox 658 1862 879 1911; x_wconf 86' lang='lat' dir='ltr'>omnibus.</span> <span class='ocrx_word' id='word_1_162' title='bbox 948 1862 1093 1910; x_wconf 85' lang='lat' dir='ltr'>Testis</span> <span class='ocrx_word' id='word_1_163' title='bbox 1132 1863 1208 1929; x_wconf 90' lang='lat' dir='ltr'>qui</span> <span class='ocrx_word' id='word_1_164' title='bbox 1245 1882 1270 1911; x_wconf 89' lang='lat' dir='ltr'>a</span> <span class='ocrx_word' id='word_1_165' title='bbox 1306 1864 1491 1913; x_wconf 84' lang='lat' dir='ltr'>Graecis</span> <span class='ocrx_word' id='word_1_166' title='bbox 1522 1862 1671 1930; x_wconf 80' lang='lat' dir='ltr'>prose—</span> 
     </span>
     <span class='ocr_line' id='line_1_23' title="bbox 186 1940 1673 2008; baseline -0.002 -14"><span class='ocrx_word' id='word_1_167' title='bbox 186 1944 246 1994; x_wconf 68' lang='grc' dir='ltr'>ὀὶ</span> <span class='ocrx_word' id='word_1_168' title='bbox 293 1940 623 2008; x_wconf 78' lang='lat' dir='ltr'>Quinctilianus</span> <span class='ocrx_word' id='word_1_169' title='bbox 667 1940 806 1990; x_wconf 87' lang='lat' dir='ltr'>Instit.</span> <span class='ocrx_word' id='word_1_170' title='bbox 853 1941 977 1990; x_wconf 75' lang='lat' dir='ltr'>Orat„</span> <span class='ocrx_word' id='word_1_171' title='bbox 1027 1943 1090 1999; x_wconf 87' lang='lat' dir='ltr'>X,</span> <span class='ocrx_word' id='word_1_172' title='bbox 1128 1942 1179 1999; x_wconf 86' lang='lat'>1,</span> <span class='ocrx_word' id='word_1_173' title='bbox 1225 1943 1301 1991; x_wconf 79' lang='lat'>64.</span> <span class='ocrx_word' id='word_1_174' title='bbox 1374 1942 1673 2000; x_wconf 76' lang='lat' dir='ltr'>nSimonides,</span> 
     </span>
    </p>
   </div>
   <div class='ocr_carea' id='block_1_3' title="bbox 94 2020 1672 2090">
    <p class='ocr_par' dir='ltr' id='par_1_3' title="bbox 94 2020 1672 2090">
     <span class='ocr_line' id='line_1_24' title="bbox 94 2020 1672 2090; baseline -0.001 -17"><span class='ocrx_word' id='word_1_175' title='bbox 94 2045 98 2050; x_wconf 61' lang='lat'><strong>⁴</strong></span> <span class='ocrx_word' id='word_1_176' title='bbox 186 2023 329 2073; x_wconf 71' lang='lat' dir='ltr'>tenuis</span> <span class='ocrx_word' id='word_1_177' title='bbox 372 2021 558 2088; x_wconf 83' lang='lat' dir='ltr'>alioqui,</span> <span class='ocrx_word' id='word_1_178' title='bbox 604 2038 807 2069; x_wconf 84' lang='lat' dir='ltr'>sermone</span> <span class='ocrx_word' id='word_1_179' title='bbox 851 2020 1033 2087; x_wconf 88' lang='lat' dir='ltr'>proprio</span> <span class='ocrx_word' id='word_1_180' title='bbox 1079 2031 1121 2069; x_wconf 89' lang='lat' dir='ltr'>ct</span> <span class='ocrx_word' id='word_1_181' title='bbox 1164 2020 1436 2089; x_wconf 60' lang='lat' dir='ltr'>jucunditate</span> <span class='ocrx_word' id='word_1_182' title='bbox 1461 2021 1672 2090; x_wconf 66' lang='lat' dir='ltr'>‘quadam</span> 
     </span>
    </p>
   </div>
   <div class='ocr_carea' id='block_1_4' title="bbox 188 2099 1675 2804">
    <p class='ocr_par' dir='ltr' id='par_1_4' title="bbox 188 2099 1675 2804">
     <span class='ocr_line' id='line_1_25' title="bbox 189 2099 1671 2167; baseline 0.001 -16"><span class='ocrx_word' id='word_1_183' title='bbox 189 2100 490 2151; x_wconf 80' lang='lat' dir='ltr'>commendari</span> <span class='ocrx_word' id='word_1_184' title='bbox 531 2111 696 2167; x_wconf 74' lang='lat' dir='ltr'>potest:</span> <span class='ocrx_word' id='word_1_185' title='bbox 756 2099 991 2166; x_wconf 86' lang='lat' dir='ltr'>praecipua</span> <span class='ocrx_word' id='word_1_186' title='bbox 1047 2111 1193 2149; x_wconf 85' lang='lat' dir='ltr'>tamen</span> <span class='ocrx_word' id='word_1_187' title='bbox 1245 2101 1339 2165; x_wconf 84' lang='lat' dir='ltr'>ejus</span> <span class='ocrx_word' id='word_1_188' title='bbox 1382 2102 1426 2150; x_wconf 91' lang='lat' dir='ltr'>in</span> <span class='ocrx_word' id='word_1_189' title='bbox 1474 2120 1671 2152; x_wconf 87' lang='lat' dir='ltr'>commo-</span> 
     </span>
     <span class='ocr_line' id='line_1_26' title="bbox 188 2178 1673 2249; baseline 0 -19"><span class='ocrx_word' id='word_1_190' title='bbox 188 2180 330 2230; x_wconf 79' lang='lat' dir='ltr'>venda</span> <span class='ocrx_word' id='word_1_191' title='bbox 372 2178 652 2228; x_wconf 85' lang='lat' dir='ltr'>miseratione</span> <span class='ocrx_word' id='word_1_192' title='bbox 692 2179 850 2235; x_wconf 83' lang='lat' dir='ltr'>virtus,</span> <span class='ocrx_word' id='word_1_193' title='bbox 906 2190 953 2227; x_wconf 87' lang='lat' dir='ltr'>ut</span> <span class='ocrx_word' id='word_1_194' title='bbox 996 2178 1179 2244; x_wconf 84' lang='lat' dir='ltr'>quidam</span> <span class='ocrx_word' id='word_1_195' title='bbox 1215 2180 1260 2228; x_wconf 87' lang='lat' dir='ltr'>in</span> <span class='ocrx_word' id='word_1_196' title='bbox 1296 2180 1378 2231; x_wconf 85' lang='lat' dir='ltr'>hac</span> <span class='ocrx_word' id='word_1_197' title='bbox 1413 2200 1513 2232; x_wconf 89' lang='lat' dir='ltr'>eum</span> <span class='ocrx_word' id='word_1_198' title='bbox 1548 2193 1673 2249; x_wconf 90' lang='lat' dir='ltr'>parte</span> 
     </span>
     <span class='ocr_line' id='line_1_27' title="bbox 188 2257 1674 2326; baseline 0 -16"><span class='ocrx_word' id='word_1_199' title='bbox 188 2260 397 2310; x_wconf 77' lang='lat' dir='ltr'>omnibus</span> <span class='ocrx_word' id='word_1_200' title='bbox 439 2259 535 2324; x_wconf 81' lang='lat' dir='ltr'>ejus</span> <span class='ocrx_word' id='word_1_201' title='bbox 576 2257 723 2325; x_wconf 84' lang='lat' dir='ltr'>operis</span> <span class='ocrx_word' id='word_1_202' title='bbox 755 2258 1009 2308; x_wconf 90' lang='lat' dir='ltr'>auctoribus</span> <span class='ocrx_word' id='word_1_203' title='bbox 1045 2259 1342 2326; x_wconf 65' lang='lat' dir='ltr'>praeferant«</span> <span class='ocrx_word' id='word_1_204' title='bbox 1411 2261 1542 2310; x_wconf 87' lang='lat' dir='ltr'>Unde</span> <span class='ocrx_word' id='word_1_205' title='bbox 1576 2273 1674 2310; x_wconf 85' lang='lat' dir='ltr'>tan-</span> 
     </span>
     <span class='ocr_line' id='line_1_28' title="bbox 188 2337 1675 2409; baseline -0.001 -19"><span class='ocrx_word' id='word_1_206' title='bbox 188 2360 322 2409; x_wconf 82' lang='lat' dir='ltr'>quam</span> <span class='ocrx_word' id='word_1_207' title='bbox 369 2337 590 2408; x_wconf 82' lang='lat' dir='ltr'>proverbii</span> <span class='ocrx_word' id='word_1_208' title='bbox 635 2337 732 2387; x_wconf 92' lang='lat' dir='ltr'>loco</span> <span class='ocrx_word' id='word_1_209' title='bbox 780 2340 984 2407; x_wconf 83' lang='lat' dir='ltr'>usurpari</span> <span class='ocrx_word' id='word_1_210' title='bbox 1030 2349 1182 2406; x_wconf 84' lang='lat' dir='ltr'>coepta</span> <span class='ocrx_word' id='word_1_211' title='bbox 1226 2351 1291 2389; x_wconf 84' lang='lat' dir='ltr'>est</span> <span class='ocrx_word' id='word_1_212' title='bbox 1325 2340 1427 2390; x_wconf 87' lang='lat' dir='ltr'>Cea</span> <span class='ocrx_word' id='word_1_213' title='bbox 1463 2341 1675 2390; x_wconf 77' lang='lat' dir='ltr'>naenia.</span> 
     </span>
     <span class='ocr_line' id='line_1_29' title="bbox 190 2417 886 2475; baseline -0.006 -3"><span class='ocrx_word' id='word_1_214' title='bbox 190 2422 342 2471; x_wconf 69' lang='lat' dir='ltr'>Horat.</span> <span class='ocrx_word' id='word_1_215' title='bbox 380 2420 573 2468; x_wconf 87' lang='lat' dir='ltr'>Carmm.</span> <span class='ocrx_word' id='word_1_216' title='bbox 613 2417 685 2475; x_wconf 81' lang='lat' dir='ltr'>ll,</span> <span class='ocrx_word' id='word_1_217' title='bbox 724 2419 773 2475; x_wconf 85' lang='lat'>1,</span> <span class='ocrx_word' id='word_1_218' title='bbox 808 2421 886 2468; x_wconf 87' lang='grc'>37.</span> 
     </span>
     <span class='ocr_line' id='line_1_30' title="bbox 390 2495 1329 2564; baseline 0 -16"><span class='ocrx_word' id='word_1_219' title='bbox 390 2498 482 2548; x_wconf 85' lang='lat' dir='ltr'>Sed</span> <span class='ocrx_word' id='word_1_220' title='bbox 516 2517 571 2547; x_wconf 89' lang='lat' dir='ltr'>ne</span> <span class='ocrx_word' id='word_1_221' title='bbox 605 2495 787 2555; x_wconf 81' lang='lat' dir='ltr'>relictis,</span> <span class='ocrx_word' id='word_1_222' title='bbox 821 2496 950 2547; x_wconf 76' lang='lat' dir='ltr'>Musa</span> <span class='ocrx_word' id='word_1_223' title='bbox 988 2516 1173 2564; x_wconf 84' lang='lat' dir='ltr'>procax,</span> <span class='ocrx_word' id='word_1_224' title='bbox 1209 2499 1329 2564; x_wconf 75' lang='lat' dir='ltr'>jocis,</span> 
     </span>
     <span class='ocr_line' id='line_1_31' title="bbox 393 2578 1282 2628; baseline -0.001 -2"><span class='ocrx_word' id='word_1_225' title='bbox 393 2579 533 2626; x_wconf 83' lang='lat' dir='ltr'>Ceae</span> <span class='ocrx_word' id='word_1_226' title='bbox 568 2587 775 2626; x_wconf 79' lang='lat' dir='ltr'>retractes</span> <span class='ocrx_word' id='word_1_227' title='bbox 809 2596 992 2627; x_wconf 85' lang='lat' dir='ltr'>munera</span> <span class='ocrx_word' id='word_1_228' title='bbox 1029 2578 1282 2628; x_wconf 83' lang='lat' dir='ltr'>naeniae:</span> 
     </span>
     <span class='ocr_line' id='line_1_32' title="bbox 494 2655 1189 2707; baseline 0 -1"><span class='ocrx_word' id='word_1_229' title='bbox 494 2658 671 2706; x_wconf 83' lang='lat' dir='ltr'>Mecum</span> <span class='ocrx_word' id='word_1_230' title='bbox 708 2656 907 2707; x_wconf 79' lang='lat' dir='ltr'>Dionaeo</span> <span class='ocrx_word' id='word_1_231' title='bbox 941 2655 1026 2705; x_wconf 82' lang='lat' dir='ltr'>sub</span> <span class='ocrx_word' id='word_1_232' title='bbox 1063 2668 1189 2706; x_wconf 86' lang='lat' dir='ltr'>antro</span> 
     </span>
     <span class='ocr_line' id='line_1_33' title="bbox 492 2735 1270 2804; baseline -0.001 -20"><span class='ocrx_word' id='word_1_233' title='bbox 492 2736 670 2800; x_wconf 83' lang='lat' dir='ltr'>Quaere</span> <span class='ocrx_word' id='word_1_234' title='bbox 705 2737 862 2787; x_wconf 77' lang='lat' dir='ltr'>modos</span> <span class='ocrx_word' id='word_1_235' title='bbox 898 2737 1062 2800; x_wconf 17' lang='lat' dir='ltr'>leviore*</span> <span class='ocrx_word' id='word_1_236' title='bbox 1094 2735 1270 2804; x_wconf 81' lang='lat' dir='ltr'>plectro.</span> 
     </span>
    </p>
   </div>
  </div>
 </body>
</html>
