1826 3080
902 119 999 167 138

343 253 472 302 Multi
506 266 660 320 poetae
695 273 833 319 quum
868 254 914 301 in
949 253 1293 320 Epigrammatis
1321 268 1438 305 certa
1469 259 1689 325 quaedam

210 345 353 383 essent
387 333 600 392 dicenda,
643 352 756 399 quac
789 352 995 382 versuum
1032 336 1262 400 angustiae
1294 355 1427 402 aegre
1457 337 1689 404 patieban-

208 427 300 472 tur,
344 414 475 463 veluti
509 414 690 462 nomina
724 414 928 480 propria,
973 414 1095 462 omni
1131 415 1314 465 rationis
1347 416 1523 466 vinculo
1555 417 1686 467 soluti

206 513 410 542 versuum
456 495 645 541 formam
690 492 1004 559 depravabant.
1085 494 1206 543 Nihil
1239 495 1519 563 Leoprepida
1551 494 1687 548 licon-

205 574 301 622 tius.
332 607 334 609 -
381 573 652 639 Quanquam
696 573 875 640 etipse
915 574 1137 623 interdum
1185 575 1244 624 ad
1278 575 1688 627 circumlocutiones

203 654 402 717 confugit
443 653 489 700 in
534 653 726 701 nominis
771 653 940 720 proprii
974 656 1254 715 necessitate,
1303 668 1353 705 ut
1396 656 1687 707 Artemisium

201 733 554 800 promontorium
606 734 758 800 Epigr.
804 734 1030 793 CLXVII,
1079 735 1123 783 4.
1178 749 1305 785 vocat
1350 733 1488 785 ’ἅλιον
1537 736 1687 797 πάγον

198 814 283 876 (vel
319 813 450 860 ἁλίαν
485 812 658 874 ῥάχιν),
703 815 816 859 ἔνθα
849 820 1041 860 καλεῖται
1072 813 1238 874 Ἀγνᾶς
1271 814 1532 878 Ἀρτέμιδος
1561 819 1685 874 vogu-

200 894 350 952 φόρου
381 895 570 952 τέμενος.
660 892 784 941 Idem
820 893 866 940 in
903 913 1111 943 mensura
1146 895 1422 964 syllabarum
1459 895 1680 962 quaedam

197 974 282 1022 sibi
319 974 526 1040 sumpsit,
571 984 617 1021 ut
653 973 804 1039 Epigr.
843 974 1011 1032 CLXI,
1061 974 1102 1021 1.
1171 975 1419 1031 Βυζάντιον
1453 975 1680 1043 epitritum

197 1065 403 1119 quartum
449 1052 571 1100 facit:
617 1057 848 1112 χαρίεντας
889 1053 1259 1120 amphibrachum
1294 1055 1446 1122 Epigr.
1483 1055 1682 1114 CCVIII,

194 1137 239 1182 2.
287 1133 375 1181 Csr.
412 1133 562 1198 Epigr.
592 1133 785 1190 CXCVI,
821 1133 898 1180 ubi
934 1134 980 1182 in
1015 1154 1052 1181 v.
1086 1139 1372 1195 Δαμαρετίου
1406 1153 1505 1182 τιου
1540 1153 1676 1185 unam

193 1213 410 1281 syllabam
432 1212 577 1268 efficit,
603 1212 678 1277 qui
702 1223 847 1279 tamen
868 1231 1018 1262 versus
1035 1233 1126 1262 non
1146 1227 1209 1263 est
1230 1213 1486 1263 Simonidis.
1521 1213 1679 1263 Auda-

193 1294 284 1342 cius
305 1322 366 1329 —
383 1292 543 1341 similia
568 1291 688 1357 apud
710 1292 856 1357 ipsum
874 1293 1198 1342 Homerum—
1215 1295 1369 1361 Epigr.
1393 1294 1612 1351 CLXVII,
1629 1295 1674 1343 9.

323 1373 482 1420 Ἀστοὶ
516 1372 552 1419 δ’
589 1369 696 1430 ἄμμι
729 1370 830 1418 τόδε
871 1373 1003 1431 γέρας
1046 1371 1236 1436 ὀμφαλῷ
1272 1374 1389 1433 ἀμφὶ
1422 1372 1595 1432 πόληος

190 1457 237 1499 δε
270 1452 489 1521 syllabam
511 1451 744 1518 produxit.
789 1451 913 1514 Quin
949 1470 1000 1499 eo
1034 1470 1297 1519 progressus
1332 1464 1419 1511 est,
1453 1464 1505 1502 ut
1535 1470 1676 1519 quum

188 1533 501 1598 Aristogitonis
534 1550 699 1580 nomen
734 1530 974 1579 hexametri
1009 1551 1196 1581 numero
1226 1531 1528 1591 reluctaretur,
1561 1531 1679 1589 inter

188 1616 489 1664 hexametrum
517 1626 558 1662 et
577 1624 901 1679 pentametrum
926 1611 1153 1670 divideret,
1188 1612 1342 1678 Epigr.
1363 1611 1675 1661 CLXXXVII.
1715 1616 1723 1626 '

189 1695 281 1758 Qui
332 1707 477 1742 autem
524 1692 785 1759 plerumque
831 1704 971 1740 metro
1014 1691 1222 1756 Elegiaco
1270 1691 1410 1740 utitur
1452 1703 1583 1758 poeta
1606 1691 1674 1741 rin

186 1773 530 1840 Epigrammatis
576 1771 791 1836 legitimo,
836 1783 983 1820 tamen
1027 1783 1120 1820 erat
1161 1770 1239 1819 ubi
1275 1770 1457 1820 nomina
1489 1770 1675 1838 propria

186 1854 403 1918 cogebant
448 1852 557 1900 alios
592 1871 801 1900 numeros
847 1852 894 1899 in
929 1851 1141 1899 auxilium
1175 1869 1343 1900 vocare.
1415 1850 1483 1899 Ita
1518 1849 1672 1918 Epigr.

187 1933 406 1981 CLXXII.
456 1932 515 1980 ob
558 1950 721 1979 nomen
763 1930 1070 1991 Ἀρχεναύτεω
1126 1942 1168 1979 et
1214 1931 1341 1979 CCV.
1395 1929 1455 1978 ob
1508 1947 1672 1979 nomen

180 2013 434 2067 Ἱππόνικος
467 2024 718 2060 tetrametro
750 2011 968 2079 dactylico
999 2010 1125 2059 addit
1153 2010 1316 2059 exitum
1341 2008 1672 2074 logaoedicum3

182 2094 516 2157 subjunguntur
559 2110 708 2140 versus
755 2091 894 2157 priori
931 2089 1107 2139 similes.
1173 2090 1326 2156 Epigr.
1364 2088 1574 2138 CCXIII.
1607 2086 1670 2139 ob

182 2192 344 2221 nomen
380 2171 632 2233 Νικολᾴδας
674 2171 927 2220 hexametro
972 2169 1260 2234 subjungitur
1301 2186 1452 2218 versus
1500 2167 1668 2238 Glyco-

183 2271 292 2301 neus
326 2252 398 2299 hic
412 2277 421 2300 ε

583 2365 659 2372 --
700 2363 808 2375 —uu
851 2359 1011 2375 -ν-“

182 2413 236 2460 ‹le
281 2431 369 2478 quo
414 2431 452 2458 v.
502 2411 746 2458 Hermanni
794 2409 861 2459 El.
895 2410 948 2457 D.
986 2409 1046 2456 M.
1091 2426 1133 2474 p.
1171 2409 1282 2456 560.
1351 2406 1518 2456 Similia
1552 2405 1667 2455 ratio

181 2493 225 2539 in
261 2491 436 2557 Epigrr.
463 2489 667 2537 CCVIII.
699 2489 853 2537 CCIX.
879 2488 1075 2536 CCXIX.
1137 2487 1341 2536 Ceterum
1380 2498 1430 2536 ut
1460 2499 1666 2536 sermone

180 2569 289 2618 nihil
327 2568 613 2636 pellucidius,
655 2569 714 2616 ita
748 2587 923 2618 summa
958 2580 1021 2617 est
1056 2585 1346 2620 numerorum
1381 2566 1429 2615 in
1461 2564 1531 2614 hia
1566 2582 1660 2612 oar—

180 2650 373 2697 minibus
409 2647 637 2714 elegantia,
673 2661 721 2696 ut
755 2648 821 2697 vel
855 2666 1008 2697 eorum
1044 2647 1311 2714 praestantia
1339 2643 1473 2694 *facile
1508 2655 1663 2692 teretes

181 2746 306 2776 aures
344 2739 606 2792 agnoscant,
651 2728 759 2793 quid
804 2727 1024 2777 Simonidi
1071 2725 1381 2781 tribuendum,
1425 2721 1535 2789 quid
1571 2741 1661 2772 non
