1826 3080
885 119 947 166 16

175 259 436 303 Πιττακείου
481 254 674 316 ῥήματος
715 253 786 301 διοέ
830 251 997 308 παντός
1043 255 1127 299 τοῦ
1170 249 1375 314 ᾄσματος.
1452 252 1656 301 Socrates

177 334 296 402 apud
331 334 502 383 Platon.
538 334 715 399 Protag.
751 353 794 400 p.
831 333 954 392 344,
989 331 1043 383 Α.

312 416 364 463 In
384 413 582 462 Platonis
602 414 778 478 Protag.
796 431 841 479 p.
862 412 976 470 339,
998 414 1051 459 A.
1071 430 1165 478 sqq.
1199 411 1403 460 Socrates
1421 429 1523 460 cum
1544 411 1655 459 Pro-

177 506 330 559 tagora
381 493 599 541 Abderita
645 492 712 541 de
757 492 966 540 virtute
1011 490 1302 557 disceptantes
1353 489 1495 558 qualis
1546 502 1659 539 esset

177 593 266 622 non
302 584 595 640 pervenerunt
629 571 688 620 ad
721 570 868 620 finem.
938 572 1039 619 Jam
1075 570 1309 638 Sophista‚
1345 590 1477 637 quem
1510 570 1558 622 in
1586 569 1657 618 Si-

177 653 356 702 monide
400 651 583 717 aliisque
626 650 767 718 poetis
813 649 1081 717 explicandis
1115 663 1336 699 versatum
1378 669 1430 699 ex
1462 648 1660 698 Platonis

178 731 356 796 dialogo
392 730 617 796 collegisse
659 730 832 779 videtur
865 729 1134 778 Themistius
1175 729 1313 797 Soph.
1348 748 1390 796 p.
1425 730 1548 787 289,
1591 729 1662 786 D„

178 830 269 859 rem
334 810 389 859 de
442 810 616 876 integro
678 828 859 858 orsurus
917 808 976 856 ad
1039 809 1372 876 explicationem
1431 820 1660 875 poetarum

179 890 404 955 confugit,
478 889 525 937 in
584 907 673 955 qua
735 907 889 937 omnes
959 887 1129 955 flagitat
1191 889 1392 955 gnaviter
1457 895 1662 936 versatos.

182 970 325 1019 Verba
354 969 462 1018 haec
490 979 616 1017 sunt:
653 970 741 1015 Καὶ
774 966 829 1027 δή
864 970 938 1015 καὶ
970 973 1060 1015 νῦν
1095 971 1214 1016 ἔσται
1246 967 1297 1016 τὸ
1330 968 1531 1029 ἐρώτημα
1565 970 1665 1025 περὶ

179 1056 260 1097 τοῦ
305 1050 446 1096 αὐτοῦ
489 1050 596 1107 μὲν,
640 1051 742 1108 περὶ
789 1043 931 1108 οὗπερ
980 1048 1064 1107 ἐγώ
1106 1067 1151 1094 τε
1195 1051 1268 1095 καὶ
1317 1046 1373 1095 σύ
1406 1051 1494 1095 νῦν
1529 1052 1664 1093 διαλε-

146 1148 150 1152 ·
179 1131 370 1190 γόμεθα,
407 1130 507 1188 περὶ
542 1126 722 1188 ἀρετῆς,
766 1130 1136 1187 μετενηνεγμένον
1171 1129 1218 1174 δὲ
1254 1132 1316 1183 εἰς
1348 1131 1549 1186 ποίησιν·
1596 1146 1664 1172 το-

182 1215 348 1257 σοῦτον
405 1207 550 1267 μόνον
596 1211 775 1254 διοίσει·
832 1209 982 1268 λέγει
1033 1207 1118 1267 γάρ
1175 1226 1282 1255 που
1339 1211 1665 1266 Σιμωνίδης

181 1288 324 1350 πρός
364 1286 598 1335 Σκόπαν
647 1283 744 1333 τόν
800 1288 1089 1347 Κρέοντος
1135 1284 1261 1334 υἱόν
1314 1290 1414 1333 τοῦ
1464 1293 1666 1333 Θεττα-

182 1373 282 1416 λοῦ
298 1407 308 1425 ,
343 1365 412 1415 ὅτι
773 1410 776 1412 ,

803 1432 1067 1508 {towns

306 1516 673 1586 '‘Av69'”dyaa‹3v
704 1526 786 1584 μὲν
816 1523 1023 1578 ἀλαθέως
1042 1525 1249 1582 γενέσθαι
1271 1522 1468 1581 χαλεπὸν

316 1610 467 1666 χερσίν
499 1624 545 1652 τε
578 1608 652 1651 καὶ
689 1607 795 1652 ποσὶ
823 1606 897 1650 καὶ
930 1602 1023 1666 νόῳ
1058 1602 1350 1663 τετράγωνον,
1383 1601 1492 1650 ἄνευ
1520 1604 1666 1661 ψόγου

1057 1682 1329 1742 τετυγμένον,

392 1790 395 1796 -
452 1762 723 1811 Exciderunt
755 1761 950 1827 quinque
986 1779 1147 1810 versus.

514 1838 518 1843 ⁵
732 1839 1111 1902 Ἀντιστροφή.
1178 1846 1183 1853 ’

318 1922 436 1972 Ου’δέ
469 1941 545 1981 μοι
578 1922 796 1982 ἐμμελέως
827 1919 878 1968 τὸ
914 1920 1175 1968 Πιττάκειον
1207 1923 1393 1981 νέμεται,

319 2007 462 2050 καίτοι
497 2005 648 2061 σοφοῦ
686 1999 807 2062 παρα
845 1999 997 2060 φωτός
1038 2003 1290 2062 εἰρημένον·
1335 1999 1543 2061 Χαλεπὸν
1568 1999 1669 2058 φάτ’

1056 2077 1189 2128 ἐσλόν
1223 2082 1412 2140 ἔμμεναι.

222 2168 261 2211 5.
324 2160 436 2216 Θεός
474 2159 532 2207 ἂν
565 2161 705 2220 μόνος
738 2160 858 2208 τοῦτ’
894 2164 988 2221 ἔχοι
1020 2162 1175 2220 γέρας·
1211 2157 1352 2221 ἄνδρα
1389 2159 1424 2206 δ’
1463 2158 1547 2206 οὐκ
1584 2162 1670 2206 ἔστι

491 2248 493 2252 ’
1060 2237 1120 2300 μή
1155 2240 1213 2287 οὐ
1245 2239 1386 2288 κακόν
1420 2241 1611 2300 ἔμμεναι,

325 2321 380 2368 ὃν
416 2317 474 2366 ἂν
509 2319 740 2379 οἷμάχανος
774 2318 986 2381 συμφορά
1021 2322 1200 2380 καθέλῃ.

322 2398 523 2459 Πράξαις
553 2398 638 2459 γάρ
675 2394 725 2446 εὖ
763 2403 851 2455 πᾶς
885 2397 1001 2460 ἀνήρ
1037 2397 1222 2458 ἀγαθός,

323 2477 460 2534 κακός
494 2477 557 2535 δ’,
594 2483 632 2524 εἰ
667 2483 835 2535 κακῶς,
871 2482 944 2525 καὶ

323 2557 666 2606 τούπιπλεῑστον
692 2555 882 2624 ἄριστοι,
911 2558 1019 2612 τούς
1052 2578 1099 2604 κε
1133 2562 1234 2605 θεοὶ
1269 2562 1468 2617 φιλῶσιν.

808 2637 857 2686 Ἐ
865 2637 1056 2701 πφᾶός.

197 2719 265 2764 10.
306 2715 485 2777 ”Εμουγ’
523 2719 698 2777 ἐξαρκεῖ
